@Inbook{Agol2017,
author="Agol, Eric
and Fabrycky, Daniel C.",
editor="Deeg, Hans J.
and Belmonte, Juan Antonio",
title="Transit-Timing and Duration Variations for the Discovery and Characterization of Exoplanets",
bookTitle="Handbook of Exoplanets ",
year="2017",
publisher="Springer International Publishing",
address="Cham",
pages="1--20",
isbn="978-3-319-30648-3",
doi="10.1007/978-3-319-30648-3_7-1",
url="https://doi.org/10.1007/978-3-319-30648-3_7-1"
}
