@ARTICLE{1971Mayer,
   author = {{Mayer}, P.},
    title = "{Eclipsing variable IU Aurigae}",
  journal = {Bulletin of the Astronomical Institutes of Czechoslovakia},
     year = 1971,
   volume = 22,
    pages = {168},
   adsurl = {http://adsabs.harvard.edu/abs/1971BAICz..22..168M},
  adsnote = {Provided by the SAO/NASA Astrophysics Data System}
}

@ARTICLE{2015Becker,
   author = {{Becker}, J.~C. and {Vanderburg}, A. and {Adams}, F.~C. and 
	{Rappaport}, S.~A. and {Schwengeler}, H.~M.},
    title = "{WASP-47: A Hot Jupiter System with Two Additional Planets Discovered by K2}",
  journal = {\apjl},
archivePrefix = "arXiv",
   eprint = {1508.02411},
 primaryClass = "astro-ph.EP",
 keywords = {planets and satellites: detection, planets and satellites: dynamical evolution and stability, techniques: photometric},
     year = 2015,
    month = oct,
   volume = 812,
      eid = {L18},
    pages = {L18},
      doi = {10.1088/2041-8205/812/2/L18},
   adsurl = {http://adsabs.harvard.edu/abs/2015ApJ...812L..18B},
  adsnote = {Provided by the SAO/NASA Astrophysics Data System}
}


@INPROCEEDINGS{2005Sterken,
   author = {{Sterken}, C.},
    title = "{The O-C Diagram: Basic Procedures}",
booktitle = {The Light-Time Effect in Astrophysics: Causes and cures of the O-C diagram},
     year = 2005,
   series = {Astronomical Society of the Pacific Conference Series},
   volume = 335,
   editor = {{Sterken}, C.},
    month = jul,
    pages = {3},
   adsurl = {http://adsabs.harvard.edu/abs/2005ASPC..335....3S},
  adsnote = {Provided by the SAO/NASA Astrophysics Data System}
}


@ARTICLE{2001Laughlin,
   author = {{Laughlin}, G. and {Chambers}, J.~E.},
    title = "{Short-Term Dynamical Interactions among Extrasolar Planets}",
  journal = {\apjl},
   eprint = {astro-ph/0101423},
 keywords = {Stars: Planetary Systems},
     year = 2001,
    month = apr,
   volume = 551,
    pages = {L109-L113},
      doi = {10.1086/319847},
   adsurl = {http://adsabs.harvard.edu/abs/2001ApJ...551L.109L},
  adsnote = {Provided by the SAO/NASA Astrophysics Data System}
}

@ARTICLE{1985Wilson,
   author = {{Wilson}, C.},
    title = "{The Great Inequality of Jupiter and Saturn: from Kepler to Laplace.}",
  journal = {Archive for History of Exact Sciences},
 keywords = {Orbit Theory:Planets, Planets:Orbit Theory},
     year = 1985,
   volume = 33,
    pages = {15-290},
   adsurl = {http://adsabs.harvard.edu/abs/1985AHES...33...15W},
  adsnote = {Provided by the SAO/NASA Astrophysics Data System}
}

@ARTICLE{Adams1847,
   author = {{Adams}, J.~C.},
    title = "{An Explanation of the Observed Irregularities in the Motion of Uranus, on the Hypothesis of Disturbances caused by a more Distant Planet; with a Determination of the Mass, Orbit, and Position of the Disturbing Body.}",
  journal = {\memras},
     year = 1847,
   volume = 16,
    pages = {427},
   adsurl = {http://adsabs.harvard.edu/abs/1847MmRAS..16..427A},
  adsnote = {Provided by the SAO/NASA Astrophysics Data System}
}

@ARTICLE{2013ApJ...762..112M,
   author = {{Montet}, B.~T. and {Johnson}, J.~A.},
    title = "{Model-independent Stellar and Planetary Masses from Multi-transiting Exoplanetary Systems}",
  journal = {\apj},
archivePrefix = "arXiv",
   eprint = {1211.4028},
 primaryClass = "astro-ph.SR",
 keywords = {methods: analytical, planets and satellites: fundamental parameters, stars: fundamental parameters },
     year = 2013,
    month = jan,
   volume = 762,
      eid = {112},
    pages = {112},
      doi = {10.1088/0004-637X/762/2/112},
   adsurl = {http://adsabs.harvard.edu/abs/2013ApJ...762..112M},
  adsnote = {Provided by the SAO/NASA Astrophysics Data System}
}

@ARTICLE{2005MNRAS.359..567A,
   author = {{Agol}, E. and {Steffen}, J. and {Sari}, R. and {Clarkson}, W.
	},
    title = "{On detecting terrestrial planets with timing of giant planet transits}",
  journal = {\mnras},
   eprint = {astro-ph/0412032},
 keywords = {eclipses, planetary systems, extrasolar planets, transiting planets, planetary dynamics},
     year = 2005,
    month = may,
   volume = 359,
    pages = {567-579},
      doi = {10.1111/j.1365-2966.2005.08922.x},
   adsurl = {http://adsabs.harvard.edu/abs/2005MNRAS.359..567A},
  adsnote = {Provided by the SAO/NASA Astrophysics Data System}
}

@ARTICLE{2011ApJ...736...19B,
   author = {{Borucki}, W.~J. and {Koch}, D.~G. and {Basri}, G. and {Batalha}, N. and 
	{Brown}, T.~M. and {Bryson}, S.~T. and {Caldwell}, D. and {Christensen-Dalsgaard}, J. and 
	{Cochran}, W.~D. and {DeVore}, E. and {Dunham}, E.~W. and {Gautier}, III, T.~N. and 
	{Geary}, J.~C. and {Gilliland}, R. and {Gould}, A. and {Howell}, S.~B. and 
	{Jenkins}, J.~M. and {Latham}, D.~W. and {Lissauer}, J.~J. and 
	{Marcy}, G.~W. and {Rowe}, J. and {Sasselov}, D. and {Boss}, A. and 
	{Charbonneau}, D. and {Ciardi}, D. and {Doyle}, L. and {Dupree}, A.~K. and 
	{Ford}, E.~B. and {Fortney}, J. and {Holman}, M.~J. and {Seager}, S. and 
	{Steffen}, J.~H. and {Tarter}, J. and {Welsh}, W.~F. and {Allen}, C. and 
	{Buchhave}, L.~A. and {Christiansen}, J.~L. and {Clarke}, B.~D. and 
	{Das}, S. and {D{\'e}sert}, J.-M. and {Endl}, M. and {Fabrycky}, D. and 
	{Fressin}, F. and {Haas}, M. and {Horch}, E. and {Howard}, A. and 
	{Isaacson}, H. and {Kjeldsen}, H. and {Kolodziejczak}, J. and 
	{Kulesa}, C. and {Li}, J. and {Lucas}, P.~W. and {Machalek}, P. and 
	{McCarthy}, D. and {MacQueen}, P. and {Meibom}, S. and {Miquel}, T. and 
	{Prsa}, A. and {Quinn}, S.~N. and {Quintana}, E.~V. and {Ragozzine}, D. and 
	{Sherry}, W. and {Shporer}, A. and {Tenenbaum}, P. and {Torres}, G. and 
	{Twicken}, J.~D. and {Van Cleve}, J. and {Walkowicz}, L. and 
	{Witteborn}, F.~C. and {Still}, M.},
    title = "{Characteristics of Planetary Candidates Observed by Kepler. II. Analysis of the First Four Months of Data}",
  journal = {\apj},
archivePrefix = "arXiv",
   eprint = {1102.0541},
 primaryClass = "astro-ph.EP",
 keywords = {planetary systems, stars: statistics, planets and satellites: detection, surveys},
     year = 2011,
    month = jul,
   volume = 736,
      eid = {19},
    pages = {19},
      doi = {10.1088/0004-637X/736/1/19},
   adsurl = {http://adsabs.harvard.edu/abs/2011ApJ...736...19B},
  adsnote = {Provided by the SAO/NASA Astrophysics Data System}
}

@ARTICLE{2005ApJ...626..523C,
   author = {{Charbonneau}, D. and {Allen}, L.~E. and {Megeath}, S.~T. and 
	{Torres}, G. and {Alonso}, R. and {Brown}, T.~M. and {Gilliland}, R.~L. and 
	{Latham}, D.~W. and {Mandushev}, G. and {O'Donovan}, F.~T. and 
	{Sozzetti}, A.},
    title = "{Detection of Thermal Emission from an Extrasolar Planet}",
  journal = {\apj},
   eprint = {astro-ph/0503457},
 keywords = {Stars: Binaries: Eclipsing, Infrared: Stars, Stars: Planetary Systems, Stars: Individual: Alphanumeric: TrES-1, Techniques: Photometric},
     year = 2005,
    month = jun,
   volume = 626,
    pages = {523-529},
      doi = {10.1086/429991},
   adsurl = {http://adsabs.harvard.edu/abs/2005ApJ...626..523C},
  adsnote = {Provided by the SAO/NASA Astrophysics Data System}
}

@ARTICLE{2001ApJ...552..699B,
   author = {{Brown}, T.~M. and {Charbonneau}, D. and {Gilliland}, R.~L. and 
	{Noyes}, R.~W. and {Burrows}, A.},
    title = "{Hubble Space Telescope Time-Series Photometry of the Transiting Planet of HD 209458}",
  journal = {\apj},
   eprint = {astro-ph/0101336},
 keywords = {Stars: Binaries: Eclipsing, Stars: Planetary Systems, Stars: Individual: Henry Draper Number: HD 209458, Techniques: Photometric},
     year = 2001,
    month = may,
   volume = 552,
    pages = {699-709},
      doi = {10.1086/320580},
   adsurl = {http://adsabs.harvard.edu/abs/2001ApJ...552..699B},
  adsnote = {Provided by the SAO/NASA Astrophysics Data System}
}

@ARTICLE{2008ApJ...682L..49D,
   author = {{D{\'{\i}}az}, R.~F. and {Rojo}, P. and {Melita}, M. and {Hoyer}, S. and 
	{Minniti}, D. and {Mauas}, P.~J.~D. and {Ru{\'{\i}}z}, M.~T.
	},
    title = "{Detection of Period Variations in Extrasolar Transiting Planet OGLE-TR-111b}",
  journal = {\apjl},
archivePrefix = "arXiv",
   eprint = {0806.1229},
 keywords = {planetary systems, stars: individual: OGLE-TR-111 },
     year = 2008,
    month = jul,
   volume = 682,
      eid = {L49},
    pages = {L49},
      doi = {10.1086/590907},
   adsurl = {http://adsabs.harvard.edu/abs/2008ApJ...682L..49D},
  adsnote = {Provided by the SAO/NASA Astrophysics Data System}
}

@ARTICLE{2005Sci...307.1288H,
   author = {{Holman}, M.~J. and {Murray}, N.~W.},
    title = "{The Use of Transit Timing to Detect Terrestrial-Mass Extrasolar Planets}",
  journal = {Science},
   eprint = {astro-ph/0412028},
     year = 2005,
    month = feb,
   volume = 307,
    pages = {1288-1291},
      doi = {10.1126/science.1107822},
   adsurl = {http://adsabs.harvard.edu/abs/2005Sci...307.1288H},
  adsnote = {Provided by the SAO/NASA Astrophysics Data System}
}

@ARTICLE{2014ApJ...794...92P,
   author = {{Price}, E.~M. and {Rogers}, L.~A.},
    title = "{Transit Light Curves with Finite Integration Time: Fisher Information Analysis}",
  journal = {\apj},
archivePrefix = "arXiv",
   eprint = {1408.4124},
 primaryClass = "astro-ph.EP",
 keywords = {methods: analytical, occultations, planetary systems, planets and satellites: general, techniques: photometric},
     year = 2014,
    month = oct,
   volume = 794,
      eid = {92},
    pages = {92},
      doi = {10.1088/0004-637X/794/1/92},
   adsurl = {http://adsabs.harvard.edu/abs/2014ApJ...794...92P},
  adsnote = {Provided by the SAO/NASA Astrophysics Data System}
}

@ARTICLE{2003ApJ...585.1038S,
   author = {{Seager}, S. and {Mall{\'e}n-Ornelas}, G.},
    title = "{A Unique Solution of Planet and Star Parameters from an Extrasolar Planet Transit Light Curve}",
  journal = {\apj},
   eprint = {astro-ph/0206228},
 keywords = {Stars: Binaries: Eclipsing, Stars: Planetary Systems, Techniques: Photometric},
     year = 2003,
    month = mar,
   volume = 585,
    pages = {1038-1055},
      doi = {10.1086/346105},
   adsurl = {http://adsabs.harvard.edu/abs/2003ApJ...585.1038S},
  adsnote = {Provided by the SAO/NASA Astrophysics Data System}
}

@ARTICLE{2011Natur.470...53L,
   author = {{Lissauer}, J.~J. and {Fabrycky}, D.~C. and {Ford}, E.~B. and 
	{Borucki}, W.~J. and {Fressin}, F. and {Marcy}, G.~W. and {Orosz}, J.~A. and 
	{Rowe}, J.~F. and {Torres}, G. and {Welsh}, W.~F. and {Batalha}, N.~M. and 
	{Bryson}, S.~T. and {Buchhave}, L.~A. and {Caldwell}, D.~A. and 
	{Carter}, J.~A. and {Charbonneau}, D. and {Christiansen}, J.~L. and 
	{Cochran}, W.~D. and {Desert}, J.-M. and {Dunham}, E.~W. and 
	{Fanelli}, M.~N. and {Fortney}, J.~J. and {Gautier}, III, T.~N. and 
	{Geary}, J.~C. and {Gilliland}, R.~L. and {Haas}, M.~R. and 
	{Hall}, J.~R. and {Holman}, M.~J. and {Koch}, D.~G. and {Latham}, D.~W. and 
	{Lopez}, E. and {McCauliff}, S. and {Miller}, N. and {Morehead}, R.~C. and 
	{Quintana}, E.~V. and {Ragozzine}, D. and {Sasselov}, D. and 
	{Short}, D.~R. and {Steffen}, J.~H.},
    title = "{A closely packed system of low-mass, low-density planets transiting Kepler-11}",
  journal = {\nat},
archivePrefix = "arXiv",
   eprint = {1102.0291},
 primaryClass = "astro-ph.EP",
     year = 2011,
    month = feb,
   volume = 470,
    pages = {53-58},
      doi = {10.1038/nature09760},
   adsurl = {http://adsabs.harvard.edu/abs/2011Natur.470...53L},
  adsnote = {Provided by the SAO/NASA Astrophysics Data System}
}

@ARTICLE{2009A&A...506..287L,
   author = {{L{\'e}ger}, A. and {Rouan}, D. and {Schneider}, J. and {Barge}, P. and 
	{Fridlund}, M. and {Samuel}, B. and {Ollivier}, M. and {Guenther}, E. and 
	{Deleuil}, M. and {Deeg}, H.~J. and {Auvergne}, M. and {Alonso}, R. and 
	{Aigrain}, S. and {Alapini}, A. and {Almenara}, J.~M. and {Baglin}, A. and 
	{Barbieri}, M. and {Bruntt}, H. and {Bord{\'e}}, P. and {Bouchy}, F. and 
	{Cabrera}, J. and {Catala}, C. and {Carone}, L. and {Carpano}, S. and 
	{Csizmadia}, S. and {Dvorak}, R. and {Erikson}, A. and {Ferraz-Mello}, S. and 
	{Foing}, B. and {Fressin}, F. and {Gandolfi}, D. and {Gillon}, M. and 
	{Gondoin}, P. and {Grasset}, O. and {Guillot}, T. and {Hatzes}, A. and 
	{H{\'e}brard}, G. and {Jorda}, L. and {Lammer}, H. and {Llebaria}, A. and 
	{Loeillet}, B. and {Mayor}, M. and {Mazeh}, T. and {Moutou}, C. and 
	{P{\"a}tzold}, M. and {Pont}, F. and {Queloz}, D. and {Rauer}, H. and 
	{Renner}, S. and {Samadi}, R. and {Shporer}, A. and {Sotin}, C. and 
	{Tingley}, B. and {Wuchterl}, G. and {Adda}, M. and {Agogu}, P. and 
	{Appourchaux}, T. and {Ballans}, H. and {Baron}, P. and {Beaufort}, T. and 
	{Bellenger}, R. and {Berlin}, R. and {Bernardi}, P. and {Blouin}, D. and 
	{Baudin}, F. and {Bodin}, P. and {Boisnard}, L. and {Boit}, L. and 
	{Bonneau}, F. and {Borzeix}, S. and {Briet}, R. and {Buey}, J.-T. and 
	{Butler}, B. and {Cailleau}, D. and {Cautain}, R. and {Chabaud}, P.-Y. and 
	{Chaintreuil}, S. and {Chiavassa}, F. and {Costes}, V. and {Cuna Parrho}, V. and 
	{de Oliveira Fialho}, F. and {Decaudin}, M. and {Defise}, J.-M. and 
	{Djalal}, S. and {Epstein}, G. and {Exil}, G.-E. and {Faur{\'e}}, C. and 
	{Fenouillet}, T. and {Gaboriaud}, A. and {Gallic}, A. and {Gamet}, P. and 
	{Gavalda}, P. and {Grolleau}, E. and {Gruneisen}, R. and {Gueguen}, L. and 
	{Guis}, V. and {Guivarc'h}, V. and {Guterman}, P. and {Hallouard}, D. and 
	{Hasiba}, J. and {Heuripeau}, F. and {Huntzinger}, G. and {Hustaix}, H. and 
	{Imad}, C. and {Imbert}, C. and {Johlander}, B. and {Jouret}, M. and 
	{Journoud}, P. and {Karioty}, F. and {Kerjean}, L. and {Lafaille}, V. and 
	{Lafond}, L. and {Lam-Trong}, T. and {Landiech}, P. and {Lapeyrere}, V. and 
	{Larqu{\'e}}, T. and {Laudet}, P. and {Lautier}, N. and {Lecann}, H. and 
	{Lefevre}, L. and {Leruyet}, B. and {Levacher}, P. and {Magnan}, A. and 
	{Mazy}, E. and {Mertens}, F. and {Mesnager}, J.-M. and {Meunier}, J.-C. and 
	{Michel}, J.-P. and {Monjoin}, W. and {Naudet}, D. and {Nguyen-Kim}, K. and 
	{Orcesi}, J.-L. and {Ottacher}, H. and {Perez}, R. and {Peter}, G. and 
	{Plasson}, P. and {Plesseria}, J.-Y. and {Pontet}, B. and {Pradines}, A. and 
	{Quentin}, C. and {Reynaud}, J.-L. and {Rolland}, G. and {Rollenhagen}, F. and 
	{Romagnan}, R. and {Russ}, N. and {Schmidt}, R. and {Schwartz}, N. and 
	{Sebbag}, I. and {Sedes}, G. and {Smit}, H. and {Steller}, M.~B. and 
	{Sunter}, W. and {Surace}, C. and {Tello}, M. and {Tiph{\`e}ne}, D. and 
	{Toulouse}, P. and {Ulmer}, B. and {Vandermarcq}, O. and {Vergnault}, E. and 
	{Vuillemin}, A. and {Zanatta}, P.},
    title = "{Transiting exoplanets from the CoRoT space mission. VIII. CoRoT-7b: the first super-Earth with measured radius}",
  journal = {\aap},
archivePrefix = "arXiv",
   eprint = {0908.0241},
 primaryClass = "astro-ph.EP",
 keywords = {techniques: photometric, techniques: spectroscopic, planetary systems, techniques: high angular resolution, techniques: radial velocities},
     year = 2009,
    month = oct,
   volume = 506,
    pages = {287-302},
      doi = {10.1051/0004-6361/200911933},
   adsurl = {http://adsabs.harvard.edu/abs/2009A%26A...506..287L},
  adsnote = {Provided by the SAO/NASA Astrophysics Data System}
}

@ARTICLE{LeVerrier1877,
   author = {{Le Verrier}, U.~J.},
    title = "{Tables du mouvement de Neptune fondees sur la comparaison de la theorie avec les observations}",
  journal = {Annales de l'Observatoire de Paris},
 keywords = {PLANETARY THEORY, PLANETS: ORBITS, NEPTUNE (PLANET)},
     year = 1877,
   volume = 14,
    pages = {1},
   adsurl = {http://adsabs.harvard.edu/abs/1877AnPar..14....1L},
  adsnote = {Provided by the SAO/NASA Astrophysics Data System}
}

@ARTICLE{2011ApJS..197....8L,
   author = {{Lissauer}, J.~J. and {Ragozzine}, D. and {Fabrycky}, D.~C. and 
	{Steffen}, J.~H. and {Ford}, E.~B. and {Jenkins}, J.~M. and 
	{Shporer}, A. and {Holman}, M.~J. and {Rowe}, J.~F. and {Quintana}, E.~V. and 
	{Batalha}, N.~M. and {Borucki}, W.~J. and {Bryson}, S.~T. and 
	{Caldwell}, D.~A. and {Carter}, J.~A. and {Ciardi}, D. and {Dunham}, E.~W. and 
	{Fortney}, J.~J. and {Gautier}, III, T.~N. and {Howell}, S.~B. and 
	{Koch}, D.~G. and {Latham}, D.~W. and {Marcy}, G.~W. and {Morehead}, R.~C. and 
	{Sasselov}, D.},
    title = "{Architecture and Dynamics of Kepler's Candidate Multiple Transiting Planet Systems}",
  journal = {\apjs},
archivePrefix = "arXiv",
   eprint = {1102.0543},
 primaryClass = "astro-ph.EP",
 keywords = {celestial mechanics, planets and satellites: dynamical evolution and stability, planets and satellites: fundamental parameters, planets and satellites: general, planetary systems},
     year = 2011,
    month = nov,
   volume = 197,
      eid = {8},
    pages = {8},
      doi = {10.1088/0067-0049/197/1/8},
   adsurl = {http://adsabs.harvard.edu/abs/2011ApJS..197....8L},
  adsnote = {Provided by the SAO/NASA Astrophysics Data System}
}

@ARTICLE{2010PASP..122..935E,
   author = {{Eastman}, J. and {Siverd}, R. and {Gaudi}, B.~S.},
    title = "{Achieving Better Than 1 Minute Accuracy in the Heliocentric and Barycentric Julian Dates}",
  journal = {\pasp},
archivePrefix = "arXiv",
   eprint = {1005.4415},
 primaryClass = "astro-ph.IM",
     year = 2010,
    month = aug,
   volume = 122,
    pages = {935-946},
      doi = {10.1086/655938},
   adsurl = {http://adsabs.harvard.edu/abs/2010PASP..122..935E},
  adsnote = {Provided by the SAO/NASA Astrophysics Data System}
}

@ARTICLE{2010Sci...330...51H,
   author = {{Holman}, M.~J. and {Fabrycky}, D.~C. and {Ragozzine}, D. and 
	{Ford}, E.~B. and {Steffen}, J.~H. and {Welsh}, W.~F. and {Lissauer}, J.~J. and 
	{Latham}, D.~W. and {Marcy}, G.~W. and {Walkowicz}, L.~M. and 
	{Batalha}, N.~M. and {Jenkins}, J.~M. and {Rowe}, J.~F. and 
	{Cochran}, W.~D. and {Fressin}, F. and {Torres}, G. and {Buchhave}, L.~A. and 
	{Sasselov}, D.~D. and {Borucki}, W.~J. and {Koch}, D.~G. and 
	{Basri}, G. and {Brown}, T.~M. and {Caldwell}, D.~A. and {Charbonneau}, D. and 
	{Dunham}, E.~W. and {Gautier}, T.~N. and {Geary}, J.~C. and 
	{Gilliland}, R.~L. and {Haas}, M.~R. and {Howell}, S.~B. and 
	{Ciardi}, D.~R. and {Endl}, M. and {Fischer}, D. and {F{\"u}r{\'e}sz}, G. and 
	{Hartman}, J.~D. and {Isaacson}, H. and {Johnson}, J.~A. and 
	{MacQueen}, P.~J. and {Moorhead}, A.~V. and {Morehead}, R.~C. and 
	{Orosz}, J.~A.},
    title = "{Kepler-9: A System of Multiple Planets Transiting a Sun-Like Star, Confirmed by Timing Variations}",
  journal = {Science},
     year = 2010,
    month = oct,
   volume = 330,
    pages = {51},
      doi = {10.1126/science.1195778},
   adsurl = {http://adsabs.harvard.edu/abs/2010Sci...330...51H},
  adsnote = {Provided by the SAO/NASA Astrophysics Data System}
}

@ARTICLE{2011ApJ...728..117B,
   author = {{Borucki}, W.~J. and {Koch}, D.~G. and {Basri}, G. and {Batalha}, N. and 
	{Boss}, A. and {Brown}, T.~M. and {Caldwell}, D. and {Christensen-Dalsgaard}, J. and 
	{Cochran}, W.~D. and {DeVore}, E. and {Dunham}, E.~W. and {Dupree}, A.~K. and 
	{Gautier}, III, T.~N. and {Geary}, J.~C. and {Gilliland}, R. and 
	{Gould}, A. and {Howell}, S.~B. and {Jenkins}, J.~M. and {Kjeldsen}, H. and 
	{Latham}, D.~W. and {Lissauer}, J.~J. and {Marcy}, G.~W. and 
	{Monet}, D.~G. and {Sasselov}, D. and {Tarter}, J. and {Charbonneau}, D. and 
	{Doyle}, L. and {Ford}, E.~B. and {Fortney}, J. and {Holman}, M.~J. and 
	{Seager}, S. and {Steffen}, J.~H. and {Welsh}, W.~F. and {Allen}, C. and 
	{Bryson}, S.~T. and {Buchhave}, L. and {Chandrasekaran}, H. and 
	{Christiansen}, J.~L. and {Ciardi}, D. and {Clarke}, B.~D. and 
	{Dotson}, J.~L. and {Endl}, M. and {Fischer}, D. and {Fressin}, F. and 
	{Haas}, M. and {Horch}, E. and {Howard}, A. and {Isaacson}, H. and 
	{Kolodziejczak}, J. and {Li}, J. and {MacQueen}, P. and {Meibom}, S. and 
	{Prsa}, A. and {Quintana}, E.~V. and {Rowe}, J. and {Sherry}, W. and 
	{Tenenbaum}, P. and {Torres}, G. and {Twicken}, J.~D. and {Van Cleve}, J. and 
	{Walkowicz}, L. and {Wu}, H.},
    title = "{Characteristics of Kepler Planetary Candidates Based on the First Data Set}",
  journal = {\apj},
 keywords = {planets and satellites: detection, surveys},
     year = 2011,
    month = feb,
   volume = 728,
      eid = {117},
    pages = {117},
      doi = {10.1088/0004-637X/728/2/117},
   adsurl = {http://adsabs.harvard.edu/abs/2011ApJ...728..117B},
  adsnote = {Provided by the SAO/NASA Astrophysics Data System}
}

@ARTICLE{2012Sci...337..556C,
   author = {{Carter}, J.~A. and {Agol}, E. and {Chaplin}, W.~J. and {Basu}, S. and 
	{Bedding}, T.~R. and {Buchhave}, L.~A. and {Christensen-Dalsgaard}, J. and 
	{Deck}, K.~M. and {Elsworth}, Y. and {Fabrycky}, D.~C. and {Ford}, E.~B. and 
	{Fortney}, J.~J. and {Hale}, S.~J. and {Handberg}, R. and {Hekker}, S. and 
	{Holman}, M.~J. and {Huber}, D. and {Karoff}, C. and {Kawaler}, S.~D. and 
	{Kjeldsen}, H. and {Lissauer}, J.~J. and {Lopez}, E.~D. and 
	{Lund}, M.~N. and {Lundkvist}, M. and {Metcalfe}, T.~S. and 
	{Miglio}, A. and {Rogers}, L.~A. and {Stello}, D. and {Borucki}, W.~J. and 
	{Bryson}, S. and {Christiansen}, J.~L. and {Cochran}, W.~D. and 
	{Geary}, J.~C. and {Gilliland}, R.~L. and {Haas}, M.~R. and 
	{Hall}, J. and {Howard}, A.~W. and {Jenkins}, J.~M. and {Klaus}, T. and 
	{Koch}, D.~G. and {Latham}, D.~W. and {MacQueen}, P.~J. and 
	{Sasselov}, D. and {Steffen}, J.~H. and {Twicken}, J.~D. and 
	{Winn}, J.~N.},
    title = "{Kepler-36: A Pair of Planets with Neighboring Orbits and Dissimilar Densities}",
  journal = {Science},
archivePrefix = "arXiv",
   eprint = {1206.4718},
 primaryClass = "astro-ph.EP",
     year = 2012,
    month = aug,
   volume = 337,
    pages = {556},
      doi = {10.1126/science.1223269},
   adsurl = {http://adsabs.harvard.edu/abs/2012Sci...337..556C},
  adsnote = {Provided by the SAO/NASA Astrophysics Data System}
}

@ARTICLE{2002ApJ...564.1019M,
   author = {{Miralda-Escud{\'e}}, J.},
    title = "{Orbital Perturbations of Transiting Planets: A Possible Method to Measure Stellar Quadrupoles and to Detect Earth-Mass Planets}",
  journal = {\apj},
   eprint = {astro-ph/0104034},
 keywords = {Stars: Planetary Systems, Stars: Rotation},
     year = 2002,
    month = jan,
   volume = 564,
    pages = {1019-1023},
      doi = {10.1086/324279},
   adsurl = {http://adsabs.harvard.edu/abs/2002ApJ...564.1019M},
  adsnote = {Provided by the SAO/NASA Astrophysics Data System}
}

@ARTICLE{2009ApJ...704...51C,
   author = {{Carter}, J.~A. and {Winn}, J.~N.},
    title = "{Parameter Estimation from Time-series Data with Correlated Errors: A Wavelet-based Method and its Application to Transit Light Curves}",
  journal = {\apj},
archivePrefix = "arXiv",
   eprint = {0909.0747},
 primaryClass = "astro-ph.EP",
 keywords = {methods: statistical, planetary systems, techniques: photometric},
     year = 2009,
    month = oct,
   volume = 704,
    pages = {51-67},
      doi = {10.1088/0004-637X/704/1/51},
   adsurl = {http://adsabs.harvard.edu/abs/2009ApJ...704...51C},
  adsnote = {Provided by the SAO/NASA Astrophysics Data System}
}

@ARTICLE{2009MNRAS.392..181K,
   author = {{Kipping}, D.~M.},
    title = "{Transit timing effects due to an exomoon}",
  journal = {\mnras},
archivePrefix = "arXiv",
   eprint = {0810.2243},
 keywords = {techniques: photometric , methods: analytical , occultations , planets and satellites: general , planetary systems},
     year = 2009,
    month = jan,
   volume = 392,
    pages = {181-189},
      doi = {10.1111/j.1365-2966.2008.13999.x},
   adsurl = {http://adsabs.harvard.edu/abs/2009MNRAS.392..181K},
  adsnote = {Provided by the SAO/NASA Astrophysics Data System}
}

@ARTICLE{2013PASP..125...83E,
   author = {{Eastman}, J. and {Gaudi}, B.~S. and {Agol}, E.},
    title = "{EXOFAST: A Fast Exoplanetary Fitting Suite in IDL}",
  journal = {\pasp},
archivePrefix = "arXiv",
   eprint = {1206.5798},
 primaryClass = "astro-ph.IM",
     year = 2013,
    month = jan,
   volume = 125,
    pages = {83-112},
      doi = {10.1086/669497},
   adsurl = {http://adsabs.harvard.edu/abs/2013PASP..125...83E},
  adsnote = {Provided by the SAO/NASA Astrophysics Data System}
}

@ARTICLE{2010ApJ...721.1861A,
   author = {{Agol}, E. and {Cowan}, N.~B. and {Knutson}, H.~A. and {Deming}, D. and 
	{Steffen}, J.~H. and {Henry}, G.~W. and {Charbonneau}, D.},
    title = "{The Climate of HD 189733b from Fourteen Transits and Eclipses Measured by Spitzer}",
  journal = {\apj},
archivePrefix = "arXiv",
   eprint = {1007.4378},
 primaryClass = "astro-ph.EP",
 keywords = {planetary systems},
     year = 2010,
    month = oct,
   volume = 721,
    pages = {1861-1877},
      doi = {10.1088/0004-637X/721/2/1861},
   adsurl = {http://adsabs.harvard.edu/abs/2010ApJ...721.1861A},
  adsnote = {Provided by the SAO/NASA Astrophysics Data System}
}

@ARTICLE{2012ApJ...750..113F,
   author = {{Ford}, E.~B. and {Fabrycky}, D.~C. and {Steffen}, J.~H. and 
	{Carter}, J.~A. and {Fressin}, F. and {Holman}, M.~J. and {Lissauer}, J.~J. and 
	{Moorhead}, A.~V. and {Morehead}, R.~C. and {Ragozzine}, D. and 
	{Rowe}, J.~F. and {Welsh}, W.~F. and {Allen}, C. and {Batalha}, N.~M. and 
	{Borucki}, W.~J. and {Bryson}, S.~T. and {Buchhave}, L.~A. and 
	{Burke}, C.~J. and {Caldwell}, D.~A. and {Charbonneau}, D. and 
	{Clarke}, B.~D. and {Cochran}, W.~D. and {D{\'e}sert}, J.-M. and 
	{Endl}, M. and {Everett}, M.~E. and {Fischer}, D.~A. and {Gautier}, III, T.~N. and 
	{Gilliland}, R.~L. and {Jenkins}, J.~M. and {Haas}, M.~R. and 
	{Horch}, E. and {Howell}, S.~B. and {Ibrahim}, K.~A. and {Isaacson}, H. and 
	{Koch}, D.~G. and {Latham}, D.~W. and {Li}, J. and {Lucas}, P. and 
	{MacQueen}, P.~J. and {Marcy}, G.~W. and {McCauliff}, S. and 
	{Mullally}, F.~R. and {Quinn}, S.~N. and {Quintana}, E. and 
	{Shporer}, A. and {Still}, M. and {Tenenbaum}, P. and {Thompson}, S.~E. and 
	{Torres}, G. and {Twicken}, J.~D. and {Wohler}, B. and {Kepler Science Team}
	},
    title = "{Transit Timing Observations from Kepler. II. Confirmation of Two Multiplanet Systems via a Non-parametric Correlation Analysis}",
  journal = {\apj},
archivePrefix = "arXiv",
   eprint = {1201.5409},
 primaryClass = "astro-ph.EP",
 keywords = {planetary systems, planets and satellites: detection, planets and satellites: dynamical evolution and stability, stars: individual: KIC 3231341 11512246 KOI 168 1102 Kepler-23 Kepler-24, techniques: miscellaneous},
     year = 2012,
    month = may,
   volume = 750,
      eid = {113},
    pages = {113},
      doi = {10.1088/0004-637X/750/2/113},
   adsurl = {http://adsabs.harvard.edu/abs/2012ApJ...750..113F},
  adsnote = {Provided by the SAO/NASA Astrophysics Data System}
}

@ARTICLE{2012ApJ...750..114F,
   author = {{Fabrycky}, D.~C. and {Ford}, E.~B. and {Steffen}, J.~H. and 
	{Rowe}, J.~F. and {Carter}, J.~A. and {Moorhead}, A.~V. and 
	{Batalha}, N.~M. and {Borucki}, W.~J. and {Bryson}, S. and {Buchhave}, L.~A. and 
	{Christiansen}, J.~L. and {Ciardi}, D.~R. and {Cochran}, W.~D. and 
	{Endl}, M. and {Fanelli}, M.~N. and {Fischer}, D. and {Fressin}, F. and 
	{Geary}, J. and {Haas}, M.~R. and {Hall}, J.~R. and {Holman}, M.~J. and 
	{Jenkins}, J.~M. and {Koch}, D.~G. and {Latham}, D.~W. and {Li}, J. and 
	{Lissauer}, J.~J. and {Lucas}, P. and {Marcy}, G.~W. and {Mazeh}, T. and 
	{McCauliff}, S. and {Quinn}, S. and {Ragozzine}, D. and {Sasselov}, D. and 
	{Shporer}, A.},
    title = "{Transit Timing Observations from Kepler. IV. Confirmation of Four Multiple-planet Systems by Simple Physical Models}",
  journal = {\apj},
archivePrefix = "arXiv",
   eprint = {1201.5415},
 primaryClass = "astro-ph.EP",
 keywords = {methods: statistical, planetary systems, planets and satellites: detection, planets and satellites: dynamical evolution and stability, stars: individual: KID 10358759/KOI-738/Kepler-29 KID 3832474/KOI-806/Kepler-30 KID 9347899/KOI-935/Kepler-31 KID 9787239/KOI-952/Kepler-32},
     year = 2012,
    month = may,
   volume = 750,
      eid = {114},
    pages = {114},
      doi = {10.1088/0004-637X/750/2/114},
   adsurl = {http://adsabs.harvard.edu/abs/2012ApJ...750..114F},
  adsnote = {Provided by the SAO/NASA Astrophysics Data System}
}

@ARTICLE{1999A&AS..134..553S,
   author = {{Sartoretti}, P. and {Schneider}, J.},
    title = "{On the detection of satellites of extrasolar planets with the method of transits}",
  journal = {\aaps},
 keywords = {PLANETS AND SATELLITES: GENERAL, STARS: PLANETARY SYSTEMS, TECHNIQUES: PHOTOMETRIC},
     year = 1999,
    month = feb,
   volume = 134,
    pages = {553-560},
      doi = {10.1051/aas:1999148},
   adsurl = {http://adsabs.harvard.edu/abs/1999A%26AS..134..553S},
  adsnote = {Provided by the SAO/NASA Astrophysics Data System}
}

@ARTICLE{2013Sci...340..587B,
   author = {{Borucki}, W.~J. and {Agol}, E. and {Fressin}, F. and {Kaltenegger}, L. and 
	{Rowe}, J. and {Isaacson}, H. and {Fischer}, D. and {Batalha}, N. and 
	{Lissauer}, J.~J. and {Marcy}, G.~W. and {Fabrycky}, D. and 
	{D{\'e}sert}, J.-M. and {Bryson}, S.~T. and {Barclay}, T. and 
	{Bastien}, F. and {Boss}, A. and {Brugamyer}, E. and {Buchhave}, L.~A. and 
	{Burke}, C. and {Caldwell}, D.~A. and {Carter}, J. and {Charbonneau}, D. and 
	{Crepp}, J.~R. and {Christensen-Dalsgaard}, J. and {Christiansen}, J.~L. and 
	{Ciardi}, D. and {Cochran}, W.~D. and {DeVore}, E. and {Doyle}, L. and 
	{Dupree}, A.~K. and {Endl}, M. and {Everett}, M.~E. and {Ford}, E.~B. and 
	{Fortney}, J. and {Gautier}, T.~N. and {Geary}, J.~C. and {Gould}, A. and 
	{Haas}, M. and {Henze}, C. and {Howard}, A.~W. and {Howell}, S.~B. and 
	{Huber}, D. and {Jenkins}, J.~M. and {Kjeldsen}, H. and {Kolbl}, R. and 
	{Kolodziejczak}, J. and {Latham}, D.~W. and {Lee}, B.~L. and 
	{Lopez}, E. and {Mullally}, F. and {Orosz}, J.~A. and {Prsa}, A. and 
	{Quintana}, E.~V. and {Sanchis-Ojeda}, R. and {Sasselov}, D. and 
	{Seader}, S. and {Shporer}, A. and {Steffen}, J.~H. and {Still}, M. and 
	{Tenenbaum}, P. and {Thompson}, S.~E. and {Torres}, G. and {Twicken}, J.~D. and 
	{Welsh}, W.~F. and {Winn}, J.~N.},
    title = "{Kepler-62: A Five-Planet System with Planets of 1.4 and 1.6 Earth Radii in the Habitable Zone}",
  journal = {Science},
archivePrefix = "arXiv",
   eprint = {1304.7387},
 primaryClass = "astro-ph.EP",
     year = 2013,
    month = may,
   volume = 340,
    pages = {587-590},
      doi = {10.1126/science.1234702},
   adsurl = {http://adsabs.harvard.edu/abs/2013Sci...340..587B},
  adsnote = {Provided by the SAO/NASA Astrophysics Data System}
}

@ARTICLE{2010MNRAS.408.1758K,
   author = {{Kipping}, D.~M.},
    title = "{Binning is sinning: morphological light-curve distortions due to finite integration time}",
  journal = {\mnras},
archivePrefix = "arXiv",
   eprint = {1004.3741},
 primaryClass = "astro-ph.EP",
 keywords = {techniques: photometric, occultations, planets and satellites: general, planetary systems},
     year = 2010,
    month = nov,
   volume = 408,
    pages = {1758-1769},
      doi = {10.1111/j.1365-2966.2010.17242.x},
   adsurl = {http://adsabs.harvard.edu/abs/2010MNRAS.408.1758K},
  adsnote = {Provided by the SAO/NASA Astrophysics Data System}
}

@ARTICLE{2011ApJS..197....7C,
   author = {{Cochran}, W.~D. and {Fabrycky}, D.~C. and {Torres}, G. and 
	{Fressin}, F. and {D{\'e}sert}, J.-M. and {Ragozzine}, D. and 
	{Sasselov}, D. and {Fortney}, J.~J. and {Rowe}, J.~F. and {Brugamyer}, E.~J. and 
	{Bryson}, S.~T. and {Carter}, J.~A. and {Ciardi}, D.~R. and 
	{Howell}, S.~B. and {Steffen}, J.~H. and {Borucki}, W.~J. and 
	{Koch}, D.~G. and {Winn}, J.~N. and {Welsh}, W.~F. and {Uddin}, K. and 
	{Tenenbaum}, P. and {Still}, M. and {Seager}, S. and {Quinn}, S.~N. and 
	{Mullally}, F. and {Miller}, N. and {Marcy}, G.~W. and {MacQueen}, P.~J. and 
	{Lucas}, P. and {Lissauer}, J.~J. and {Latham}, D.~W. and {Knutson}, H. and 
	{Kinemuchi}, K. and {Johnson}, J.~A. and {Jenkins}, J.~M. and 
	{Isaacson}, H. and {Howard}, A. and {Horch}, E. and {Holman}, M.~J. and 
	{Henze}, C.~E. and {Haas}, M.~R. and {Gilliland}, R.~L. and 
	{Gautier}, III, T.~N. and {Ford}, E.~B. and {Fischer}, D.~A. and 
	{Everett}, M. and {Endl}, M. and {Demory}, B.-O. and {Deming}, D. and 
	{Charbonneau}, D. and {Caldwell}, D. and {Buchhave}, L. and 
	{Brown}, T.~M. and {Batalha}, N.},
    title = "{Kepler-18b, c, and d: A System of Three Planets Confirmed by Transit Timing Variations, Light Curve Validation, Warm-Spitzer Photometry, and Radial Velocity Measurements}",
  journal = {\apjs},
archivePrefix = "arXiv",
   eprint = {1110.0820},
 primaryClass = "astro-ph.EP",
 keywords = {planetary systems, stars: individual: Kepler-18 KIC 8644288 2MASS J19521906+4444467, techniques: photometric, techniques: spectroscopic},
     year = 2011,
    month = nov,
   volume = 197,
      eid = {7},
    pages = {7},
      doi = {10.1088/0067-0049/197/1/7},
   adsurl = {http://adsabs.harvard.edu/abs/2011ApJS..197....7C},
  adsnote = {Provided by the SAO/NASA Astrophysics Data System}
}

@ARTICLE{2012MNRAS.421.2342S,
   author = {{Steffen}, J.~H. and {Fabrycky}, D.~C. and {Ford}, E.~B. and 
	{Carter}, J.~A. and {D{\'e}sert}, J.-M. and {Fressin}, F. and 
	{Holman}, M.~J. and {Lissauer}, J.~J. and {Moorhead}, A.~V. and 
	{Rowe}, J.~F. and {Ragozzine}, D. and {Welsh}, W.~F. and {Batalha}, N.~M. and 
	{Borucki}, W.~J. and {Buchhave}, L.~A. and {Bryson}, S. and 
	{Caldwell}, D.~A. and {Charbonneau}, D. and {Ciardi}, D.~R. and 
	{Cochran}, W.~D. and {Endl}, M. and {Everett}, M.~E. and {Gautier}, T.~N. and 
	{Gilliland}, R.~L. and {Girouard}, F.~R. and {Jenkins}, J.~M. and 
	{Horch}, E. and {Howell}, S.~B. and {Isaacson}, H. and {Klaus}, T.~C. and 
	{Koch}, D.~G. and {Latham}, D.~W. and {Li}, J. and {Lucas}, P. and 
	{MacQueen}, P.~J. and {Marcy}, G.~W. and {McCauliff}, S. and 
	{Middour}, C.~K. and {Morris}, R.~L. and {Mullally}, F.~R. and 
	{Quinn}, S.~N. and {Quintana}, E.~V. and {Shporer}, A. and {Still}, M. and 
	{Tenenbaum}, P. and {Thompson}, S.~E. and {Twicken}, J.~D. and 
	{Van Cleve}, J.},
    title = "{Transit timing observations from Kepler - III. Confirmation of four multiple planet systems by a Fourier-domain study of anticorrelated transit timing variations}",
  journal = {\mnras},
archivePrefix = "arXiv",
   eprint = {1201.5412},
 primaryClass = "astro-ph.EP",
 keywords = {methods: data analysis, celestial mechanics, stars: individual: KIC 4349452, stars: individual: KIC 9757613, stars: individual: KIC 5792202, stars: individual: KIC 6949607},
     year = 2012,
    month = apr,
   volume = 421,
    pages = {2342-2354},
      doi = {10.1111/j.1365-2966.2012.20467.x},
   adsurl = {http://adsabs.harvard.edu/abs/2012MNRAS.421.2342S},
  adsnote = {Provided by the SAO/NASA Astrophysics Data System}
}

@ARTICLE{2009PASP..121.1016M,
   author = {{Meschiari}, S. and {Wolf}, A.~S. and {Rivera}, E. and {Laughlin}, G. and 
	{Vogt}, S. and {Butler}, P.},
    title = "{Systemic: A Testbed for Characterizing the Detection of Extrasolar Planets. I. The Systemic Console Package}",
  journal = {\pasp},
archivePrefix = "arXiv",
   eprint = {0907.1675},
 primaryClass = "astro-ph.EP",
     year = 2009,
    month = sep,
   volume = 121,
    pages = {1016-1027},
      doi = {10.1086/605730},
   adsurl = {http://adsabs.harvard.edu/abs/2009PASP..121.1016M},
  adsnote = {Provided by the SAO/NASA Astrophysics Data System}
}

@ARTICLE{2010ApJ...718..543M,
   author = {{Meschiari}, S. and {Laughlin}, G.~P.},
    title = "{Systemic: A Testbed for Characterizing the Detection of Extrasolar Planets. II. Numerical Approaches to the Transit Timing Inverse Problem}",
  journal = {\apj},
archivePrefix = "arXiv",
   eprint = {1005.5396},
 primaryClass = "astro-ph.EP",
 keywords = {methods: numerical, planets and satellites: detection},
     year = 2010,
    month = jul,
   volume = 718,
    pages = {543-550},
      doi = {10.1088/0004-637X/718/1/543},
   adsurl = {http://adsabs.harvard.edu/abs/2010ApJ...718..543M},
  adsnote = {Provided by the SAO/NASA Astrophysics Data System}
}

@ARTICLE{2005MNRAS.364L..96S,
   author = {{Steffen}, J.~H. and {Agol}, E.},
    title = "{An analysis of the transit times of TrES-1b}",
  journal = {\mnras},
   eprint = {astro-ph/0509656},
 keywords = {eclipses, stars: individual: GSC 02652: 01324, planetary systems, stars: individual: GSC 02652, 01324},
     year = 2005,
    month = nov,
   volume = 364,
    pages = {L96-L100},
      doi = {10.1111/j.1745-3933.2005.00113.x},
   adsurl = {http://adsabs.harvard.edu/abs/2005MNRAS.364L..96S},
  adsnote = {Provided by the SAO/NASA Astrophysics Data System}
}

@ARTICLE{2013MNRAS.428.1077S,
   author = {{Steffen}, J.~H. and {Fabrycky}, D.~C. and {Agol}, E. and {Ford}, E.~B. and 
	{Morehead}, R.~C. and {Cochran}, W.~D. and {Lissauer}, J.~J. and 
	{Adams}, E.~R. and {Borucki}, W.~J. and {Bryson}, S. and {Caldwell}, D.~A. and 
	{Dupree}, A. and {Jenkins}, J.~M. and {Robertson}, P. and {Rowe}, J.~F. and 
	{Seader}, S. and {Thompson}, S. and {Twicken}, J.~D.},
    title = "{Transit timing observations from Kepler - VII. Confirmation of 27 planets in 13 multiplanet systems via transit timing variations and orbital stability}",
  journal = {\mnras},
archivePrefix = "arXiv",
   eprint = {1208.3499},
 primaryClass = "astro-ph.EP",
 keywords = {methods: data analysis, techniques: photometric, celestial mechanics},
     year = 2013,
    month = jan,
   volume = 428,
    pages = {1077-1087},
      doi = {10.1093/mnras/sts090},
   adsurl = {http://adsabs.harvard.edu/abs/2013MNRAS.428.1077S},
  adsnote = {Provided by the SAO/NASA Astrophysics Data System}
}

@ARTICLE{2013ApJ...770..131L,
   author = {{Lissauer}, J.~J. and {Jontof-Hutter}, D. and {Rowe}, J.~F. and 
	{Fabrycky}, D.~C. and {Lopez}, E.~D. and {Agol}, E. and {Marcy}, G.~W. and 
	{Deck}, K.~M. and {Fischer}, D.~A. and {Fortney}, J.~J. and 
	{Howell}, S.~B. and {Isaacson}, H. and {Jenkins}, J.~M. and 
	{Kolbl}, R. and {Sasselov}, D. and {Short}, D.~R. and {Welsh}, W.~F.
	},
    title = "{All Six Planets Known to Orbit Kepler-11 Have Low Densities}",
  journal = {\apj},
archivePrefix = "arXiv",
   eprint = {1303.0227},
 primaryClass = "astro-ph.EP",
 keywords = {celestial mechanics, ephemerides, planets and satellites: composition, planets and satellites: dynamical evolution and stability, planets and satellites: fundamental parameters },
     year = 2013,
    month = jun,
   volume = 770,
      eid = {131},
    pages = {131},
      doi = {10.1088/0004-637X/770/2/131},
   adsurl = {http://adsabs.harvard.edu/abs/2013ApJ...770..131L},
  adsnote = {Provided by the SAO/NASA Astrophysics Data System}
}

@ARTICLE{2011ApJ...743..200B,
   author = {{Ballard}, S. and {Fabrycky}, D. and {Fressin}, F. and {Charbonneau}, D. and 
	{Desert}, J.-M. and {Torres}, G. and {Marcy}, G. and {Burke}, C.~J. and 
	{Isaacson}, H. and {Henze}, C. and {Steffen}, J.~H. and {Ciardi}, D.~R. and 
	{Howell}, S.~B. and {Cochran}, W.~D. and {Endl}, M. and {Bryson}, S.~T. and 
	{Rowe}, J.~F. and {Holman}, M.~J. and {Lissauer}, J.~J. and 
	{Jenkins}, J.~M. and {Still}, M. and {Ford}, E.~B. and {Christiansen}, J.~L. and 
	{Middour}, C.~K. and {Haas}, M.~R. and {Li}, J. and {Hall}, J.~R. and 
	{McCauliff}, S. and {Batalha}, N.~M. and {Koch}, D.~G. and {Borucki}, W.~J.
	},
    title = "{The Kepler-19 System: A Transiting 2.2 R $_{\oplus}$ Planet and a Second Planet Detected via Transit Timing Variations}",
  journal = {\apj},
archivePrefix = "arXiv",
   eprint = {1109.1561},
 primaryClass = "astro-ph.EP",
 keywords = {eclipses, planetary systems, stars: individual: Kepler-19 KOI-84 KIC 2571238},
     year = 2011,
    month = dec,
   volume = 743,
      eid = {200},
    pages = {200},
      doi = {10.1088/0004-637X/743/2/200},
   adsurl = {http://adsabs.harvard.edu/abs/2011ApJ...743..200B},
  adsnote = {Provided by the SAO/NASA Astrophysics Data System}
}

@ARTICLE{2008ApJ...689..499C,
   author = {{Carter}, J.~A. and {Yee}, J.~C. and {Eastman}, J. and {Gaudi}, B.~S. and 
	{Winn}, J.~N.},
    title = "{Analytic Approximations for Transit Light-Curve Observables, Uncertainties, and Covariances}",
  journal = {\apj},
archivePrefix = "arXiv",
   eprint = {0805.0238},
 keywords = {binaries: eclipsing, methods: analytical, planets and satellites: general },
     year = 2008,
    month = dec,
   volume = 689,
      eid = {499-512},
    pages = {499-512},
      doi = {10.1086/592321},
   adsurl = {http://adsabs.harvard.edu/abs/2008ApJ...689..499C},
  adsnote = {Provided by the SAO/NASA Astrophysics Data System}
}

@ARTICLE{2007ApJ...664L..51F,
   author = {{Ford}, E.~B. and {Holman}, M.~J.},
    title = "{Using Transit Timing Observations to Search for Trojans of Transiting Extrasolar Planets}",
  journal = {\apjl},
archivePrefix = "arXiv",
   eprint = {0705.0356},
 keywords = {Celestial Mechanics, Stars: Planetary Systems: Formation, Techniques: Photometric},
     year = 2007,
    month = jul,
   volume = 664,
    pages = {L51-L54},
      doi = {10.1086/520579},
   adsurl = {http://adsabs.harvard.edu/abs/2007ApJ...664L..51F},
  adsnote = {Provided by the SAO/NASA Astrophysics Data System}
}

@ARTICLE{2012ApJ...761..122L,
   author = {{Lithwick}, Y. and {Xie}, J. and {Wu}, Y.},
    title = "{Extracting Planet Mass and Eccentricity from TTV Data}",
  journal = {\apj},
archivePrefix = "arXiv",
   eprint = {1207.4192},
 primaryClass = "astro-ph.EP",
 keywords = {planets and satellites: fundamental parameters },
     year = 2012,
    month = dec,
   volume = 761,
      eid = {122},
    pages = {122},
      doi = {10.1088/0004-637X/761/2/122},
   adsurl = {http://adsabs.harvard.edu/abs/2012ApJ...761..122L},
  adsnote = {Provided by the SAO/NASA Astrophysics Data System}
}

@ARTICLE{2013ApJS..208...16M,
   author = {{Mazeh}, T. and {Nachmani}, G. and {Holczer}, T. and {Fabrycky}, D.~C. and 
	{Ford}, E.~B. and {Sanchis-Ojeda}, R. and {Sokol}, G. and {Rowe}, J.~F. and 
	{Zucker}, S. and {Agol}, E. and {Carter}, J.~A. and {Lissauer}, J.~J. and 
	{Quintana}, E.~V. and {Ragozzine}, D. and {Steffen}, J.~H. and 
	{Welsh}, W.},
    title = "{Transit Timing Observations from Kepler. VIII. Catalog of Transit Timing Measurements of the First Twelve Quarters}",
  journal = {\apjs},
archivePrefix = "arXiv",
   eprint = {1301.5499},
 primaryClass = "astro-ph.EP",
 keywords = {planetary systems, planets and satellites: detection, techniques: miscellaneous, techniques: photometric },
     year = 2013,
    month = oct,
   volume = 208,
      eid = {16},
    pages = {16},
      doi = {10.1088/0067-0049/208/2/16},
   adsurl = {http://adsabs.harvard.edu/abs/2013ApJS..208...16M},
  adsnote = {Provided by the SAO/NASA Astrophysics Data System}
}

@ARTICLE{2012Sci...336.1133N,
   author = {{Nesvorn{\'y}}, D. and {Kipping}, D.~M. and {Buchhave}, L.~A. and 
	{Bakos}, G.~{\'A}. and {Hartman}, J. and {Schmitt}, A.~R.},
    title = "{The Detection and Characterization of a Nontransiting Planet by Transit Timing Variations}",
  journal = {Science},
archivePrefix = "arXiv",
   eprint = {1208.0942},
 primaryClass = "astro-ph.EP",
     year = 2012,
    month = jun,
   volume = 336,
    pages = {1133},
      doi = {10.1126/science.1221141},
   adsurl = {http://adsabs.harvard.edu/abs/2012Sci...336.1133N},
  adsnote = {Provided by the SAO/NASA Astrophysics Data System}
}

@ARTICLE{2012ApJ...750..115K,
   author = {{Kipping}, D.~M. and {Bakos}, G.~{\'A}. and {Buchhave}, L. and 
	{Nesvorn{\'y}}, D. and {Schmitt}, A.},
    title = "{The Hunt for Exomoons with Kepler (HEK). I. Description of a New Observational project}",
  journal = {\apj},
archivePrefix = "arXiv",
   eprint = {1201.0752},
 primaryClass = "astro-ph.EP",
 keywords = {methods: data analysis, occultations, planetary systems, planets and satellites: general, techniques: photometric},
     year = 2012,
    month = may,
   volume = 750,
      eid = {115},
    pages = {115},
      doi = {10.1088/0004-637X/750/2/115},
   adsurl = {http://adsabs.harvard.edu/abs/2012ApJ...750..115K},
  adsnote = {Provided by the SAO/NASA Astrophysics Data System}
}

@ARTICLE{2011ApJ...730...82C,
   author = {{Carter}, J.~A. and {Winn}, J.~N. and {Holman}, M.~J. and {Fabrycky}, D. and 
	{Berta}, Z.~K. and {Burke}, C.~J. and {Nutzman}, P.},
    title = "{The Transit Light Curve Project. XIII. Sixteen Transits of the Super-Earth GJ 1214b}",
  journal = {\apj},
archivePrefix = "arXiv",
   eprint = {1012.0376},
 primaryClass = "astro-ph.EP",
 keywords = {planetary systems, planets and satellites: individual: GJ 1214b GJ 1214, techniques: photometric},
     year = 2011,
    month = apr,
   volume = 730,
      eid = {82},
    pages = {82},
      doi = {10.1088/0004-637X/730/2/82},
   adsurl = {http://adsabs.harvard.edu/abs/2011ApJ...730...82C},
  adsnote = {Provided by the SAO/NASA Astrophysics Data System}
}

@ARTICLE{2015ARA&A..53..409W,
   author = {{Winn}, J.~N. and {Fabrycky}, D.~C.},
    title = "{The Occurrence and Architecture of Exoplanetary Systems}",
  journal = {\araa},
archivePrefix = "arXiv",
   eprint = {1410.4199},
 primaryClass = "astro-ph.EP",
     year = 2015,
    month = aug,
   volume = 53,
    pages = {409-447},
      doi = {10.1146/annurev-astro-082214-122246},
   adsurl = {http://adsabs.harvard.edu/abs/2015ARA%26A..53..409W},
  adsnote = {Provided by the SAO/NASA Astrophysics Data System}
}

@ARTICLE{2007A&A...470..727S,
   author = {{Simon}, A. and {Szatm{\'a}ry}, K. and {Szab{\'o}}, G.~M.},
    title = "{Determination of the size, mass, and density of ``exomoons'' from photometric transit timing variations}",
  journal = {\aap},
archivePrefix = "arXiv",
   eprint = {0705.1046},
 keywords = {planets and satellites: general, methods: data analysis, techniques: photometric},
     year = 2007,
    month = aug,
   volume = 470,
    pages = {727-731},
      doi = {10.1051/0004-6361:20066560},
   adsurl = {http://adsabs.harvard.edu/abs/2007A%26A...470..727S},
  adsnote = {Provided by the SAO/NASA Astrophysics Data System}
}

@ARTICLE{2010arXiv1001.2010W,
   author = {{Winn}, J.~N.},
    title = "{Transits and Occultations}",
  journal = {ArXiv e-prints},
archivePrefix = "arXiv",
   eprint = {1001.2010},
 primaryClass = "astro-ph.EP",
 keywords = {Astrophysics - Earth and Planetary Astrophysics},
     year = 2010,
    month = jan,
   adsurl = {http://adsabs.harvard.edu/abs/2010arXiv1001.2010W},
  adsnote = {Provided by the SAO/NASA Astrophysics Data System}
}

@ARTICLE{2007MNRAS.377.1511H,
   author = {{Heyl}, J.~S. and {Gladman}, B.~J.},
    title = "{Using long-term transit timing to detect terrestrial planets}",
  journal = {\mnras},
   eprint = {astro-ph/0610267},
 keywords = {gravitation, celestial mechanics, planetary systems},
     year = 2007,
    month = jun,
   volume = 377,
    pages = {1511-1519},
      doi = {10.1111/j.1365-2966.2007.11697.x},
   adsurl = {http://adsabs.harvard.edu/abs/2007MNRAS.377.1511H},
  adsnote = {Provided by the SAO/NASA Astrophysics Data System}
}

@ARTICLE{2011ApJS..197....2F,
   author = {{Ford}, E.~B. and {Rowe}, J.~F. and {Fabrycky}, D.~C. and {Carter}, J.~A. and 
	{Holman}, M.~J. and {Lissauer}, J.~J. and {Ragozzine}, D. and 
	{Steffen}, J.~H. and {Batalha}, N.~M. and {Borucki}, W.~J. and 
	{Bryson}, S. and {Caldwell}, D.~A. and {Dunham}, E.~W. and {Gautier}, III, T.~N. and 
	{Jenkins}, J.~M. and {Koch}, D.~G. and {Li}, J. and {Lucas}, P. and 
	{Marcy}, G.~W. and {McCauliff}, S. and {Mullally}, F.~R. and 
	{Quintana}, E. and {Still}, M. and {Tenenbaum}, P. and {Thompson}, S.~E. and 
	{Twicken}, J.~D.},
    title = "{Transit Timing Observations from Kepler. I. Statistical Analysis of the First Four Months}",
  journal = {\apjs},
archivePrefix = "arXiv",
   eprint = {1102.0544},
 primaryClass = "astro-ph.EP",
 keywords = {methods: statistical, planetary systems, planets and satellites: detection, planets and satellites: dynamical evolution and stability, techniques: miscellaneous},
     year = 2011,
    month = nov,
   volume = 197,
      eid = {2},
    pages = {2},
      doi = {10.1088/0067-0049/197/1/2},
   adsurl = {http://adsabs.harvard.edu/abs/2011ApJS..197....2F},
  adsnote = {Provided by the SAO/NASA Astrophysics Data System}
}

@ARTICLE{2006ApJ...652L.137F,
   author = {{Ford}, E.~B. and {Gaudi}, B.~S.},
    title = "{Observational Constraints on Trojans of Transiting Extrasolar Planets}",
  journal = {\apjl},
   eprint = {astro-ph/0609298},
 keywords = {Celestial Mechanics, Stars: Planetary Systems: Formation, Techniques: Photometric, Techniques: Radial Velocities},
     year = 2006,
    month = dec,
   volume = 652,
    pages = {L137-L140},
      doi = {10.1086/510235},
   adsurl = {http://adsabs.harvard.edu/abs/2006ApJ...652L.137F},
  adsnote = {Provided by the SAO/NASA Astrophysics Data System}
}

@ARTICLE{2008MNRAS.390..281P,
   author = {{P{\'a}l}, A.},
    title = "{Properties of analytic transit light-curve models}",
  journal = {\mnras},
archivePrefix = "arXiv",
   eprint = {0805.2157},
 keywords = {methods: analytical , binaries: eclipsing , planetary systems},
     year = 2008,
    month = oct,
   volume = 390,
    pages = {281-288},
      doi = {10.1111/j.1365-2966.2008.13723.x},
   adsurl = {http://adsabs.harvard.edu/abs/2008MNRAS.390..281P},
  adsnote = {Provided by the SAO/NASA Astrophysics Data System}
}

@ARTICLE{2008ApJ...688..636N,
   author = {{Nesvorn{\'y}}, D. and {Morbidelli}, A.},
    title = "{Mass and Orbit Determination from Transit Timing Variations of Exoplanets}",
  journal = {\apj},
 keywords = {celestial mechanics, planetary systems },
     year = 2008,
    month = nov,
   volume = 688,
      eid = {636-646},
    pages = {636-646},
      doi = {10.1086/592230},
   adsurl = {http://adsabs.harvard.edu/abs/2008ApJ...688..636N},
  adsnote = {Provided by the SAO/NASA Astrophysics Data System}
}

@ARTICLE{2007MNRAS.374..941A,
   author = {{Agol}, E. and {Steffen}, J.~H.},
    title = "{A limit on the presence of Earth-mass planets around a Sun-like star}",
  journal = {\mnras},
   eprint = {astro-ph/0610159},
 keywords = {eclipses, planetary systems},
     year = 2007,
    month = jan,
   volume = 374,
    pages = {941-948},
      doi = {10.1111/j.1365-2966.2006.11213.x},
   adsurl = {http://adsabs.harvard.edu/abs/2007MNRAS.374..941A},
  adsnote = {Provided by the SAO/NASA Astrophysics Data System}
}

@ARTICLE{2014ApJ...787...80H,
   author = {{Hadden}, S. and {Lithwick}, Y.},
    title = "{Densities and Eccentricities of 139 Kepler Planets from Transit Time Variations}",
  journal = {\apj},
archivePrefix = "arXiv",
   eprint = {1310.7942},
 primaryClass = "astro-ph.EP",
 keywords = {planets and satellites: composition, planets and satellites: dynamical evolution and stability},
     year = 2014,
    month = may,
   volume = 787,
      eid = {80},
    pages = {80},
      doi = {10.1088/0004-637X/787/1/80},
   adsurl = {http://adsabs.harvard.edu/abs/2014ApJ...787...80H},
  adsnote = {Provided by the SAO/NASA Astrophysics Data System}
}

@ARTICLE{2013ApJ...777....3N,
   author = {{Nesvorn{\'y}}, D. and {Kipping}, D. and {Terrell}, D. and {Hartman}, J. and 
	{Bakos}, G.~{\'A}. and {Buchhave}, L.~A.},
    title = "{KOI-142, The King of Transit Variations, is a Pair of Planets near the 2:1 Resonance}",
  journal = {\apj},
archivePrefix = "arXiv",
   eprint = {1304.4283},
 primaryClass = "astro-ph.EP",
 keywords = {planetary systems },
     year = 2013,
    month = nov,
   volume = 777,
      eid = {3},
    pages = {3},
      doi = {10.1088/0004-637X/777/1/3},
   adsurl = {http://adsabs.harvard.edu/abs/2013ApJ...777....3N},
  adsnote = {Provided by the SAO/NASA Astrophysics Data System}
}

@ARTICLE{2010arXiv1006.3727R,
   author = {{Ragozzine}, D. and {Holman}, M.~J.},
    title = "{The Value of Systems with Multiple Transiting Planets}",
  journal = {ArXiv e-prints},
archivePrefix = "arXiv",
   eprint = {1006.3727},
 primaryClass = "astro-ph.EP",
 keywords = {Astrophysics - Earth and Planetary Astrophysics},
     year = 2010,
    month = jun,
   adsurl = {http://adsabs.harvard.edu/abs/2010arXiv1006.3727R},
  adsnote = {Provided by the SAO/NASA Astrophysics Data System}
}

@ARTICLE{2008MNRAS.389..191P,
   author = {{P{\'a}l}, A. and {Kocsis}, B.},
    title = "{Periastron precession measurements in transiting extrasolar planetary systems at the level of general relativity}",
  journal = {\mnras},
archivePrefix = "arXiv",
   eprint = {0806.0629},
 keywords = {relativity , methods: observational , techniques: photometric , binaries: eclipsing , planetary systems},
     year = 2008,
    month = sep,
   volume = 389,
    pages = {191-198},
      doi = {10.1111/j.1365-2966.2008.13512.x},
   adsurl = {http://adsabs.harvard.edu/abs/2008MNRAS.389..191P},
  adsnote = {Provided by the SAO/NASA Astrophysics Data System}
}

@ARTICLE{2008ApJ...685..543J,
   author = {{Jord{\'a}n}, A. and {Bakos}, G.~{\'A}.},
    title = "{Observability of the General Relativistic Precession of Periastra in Exoplanets}",
  journal = {\apj},
archivePrefix = "arXiv",
   eprint = {0806.0630},
 keywords = {celestial mechanics, planetary systems },
     year = 2008,
    month = sep,
   volume = 685,
      eid = {543-552},
    pages = {543-552},
      doi = {10.1086/590549},
   adsurl = {http://adsabs.harvard.edu/abs/2008ApJ...685..543J},
  adsnote = {Provided by the SAO/NASA Astrophysics Data System}
}

@ARTICLE{2014MNRAS.441..983D,
   author = {{D{\'{\i}}az}, R.~F. and {Almenara}, J.~M. and {Santerne}, A. and 
	{Moutou}, C. and {Lethuillier}, A. and {Deleuil}, M.},
    title = "{PASTIS: Bayesian extrasolar planet validation - I. General framework, models, and performance}",
  journal = {\mnras},
archivePrefix = "arXiv",
   eprint = {1403.6725},
 primaryClass = "astro-ph.EP",
 keywords = {methods: statistical, techniques: photometric, techniques: radial velocities, planetary systems},
     year = 2014,
    month = jun,
   volume = 441,
    pages = {983-1004},
      doi = {10.1093/mnras/stu601},
   adsurl = {http://adsabs.harvard.edu/abs/2014MNRAS.441..983D},
  adsnote = {Provided by the SAO/NASA Astrophysics Data System}
}

@ARTICLE{2016ApJ...820...39J,
   author = {{Jontof-Hutter}, D. and {Ford}, E.~B. and {Rowe}, J.~F. and 
	{Lissauer}, J.~J. and {Fabrycky}, D.~C. and {Van Laerhoven}, C. and 
	{Agol}, E. and {Deck}, K.~M. and {Holczer}, T. and {Mazeh}, T.
	},
    title = "{Secure Mass Measurements from Transit Timing: 10 Kepler Exoplanets between 3 and 8 M$_{\oplus}$ with Diverse Densities and Incident Fluxes}",
  journal = {\apj},
archivePrefix = "arXiv",
   eprint = {1512.02003},
 primaryClass = "astro-ph.EP",
 keywords = {stars: individual: Kepler-60, Kepler-177, Kepler-26, Kepler-29, Kepler-307, techniques: photometric},
     year = 2016,
    month = mar,
   volume = 820,
      eid = {39},
    pages = {39},
      doi = {10.3847/0004-637X/820/1/39},
   adsurl = {http://adsabs.harvard.edu/abs/2016ApJ...820...39J},
  adsnote = {Provided by the SAO/NASA Astrophysics Data System}
}

@ARTICLE{2014ApJ...785...15J,
   author = {{Jontof-Hutter}, D. and {Lissauer}, J.~J. and {Rowe}, J.~F. and 
	{Fabrycky}, D.~C.},
    title = "{Kepler-79's Low Density Planets}",
  journal = {\apj},
archivePrefix = "arXiv",
   eprint = {1310.2642},
 primaryClass = "astro-ph.EP",
 keywords = {planetary systems, stars: individual: KOI-152 Kepler-79, techniques: photometric},
     year = 2014,
    month = apr,
   volume = 785,
      eid = {15},
    pages = {15},
      doi = {10.1088/0004-637X/785/1/15},
   adsurl = {http://adsabs.harvard.edu/abs/2014ApJ...785...15J},
  adsnote = {Provided by the SAO/NASA Astrophysics Data System}
}

@ARTICLE{2003A&A...398.1091B,
   author = {{Borkovits}, T. and {{\'E}rdi}, B. and {Forg{\'a}cs-Dajka}, E. and 
	{Kov{\'a}cs}, T.},
    title = "{On the detectability of long period perturbations in close hierarchical triple stellar systems}",
  journal = {\aap},
 keywords = {methods: analytical, methods: numerical, celestial mechanics, binaries: close, binaries: eclipsing},
     year = 2003,
    month = feb,
   volume = 398,
    pages = {1091-1102},
      doi = {10.1051/0004-6361:20021688},
   adsurl = {http://adsabs.harvard.edu/abs/2003A%26A...398.1091B},
  adsnote = {Provided by the SAO/NASA Astrophysics Data System}
}

@ARTICLE{2012ApJ...756..185F,
   author = {{Ford}, E.~B. and {Ragozzine}, D. and {Rowe}, J.~F. and {Steffen}, J.~H. and 
	{Barclay}, T. and {Batalha}, N.~M. and {Borucki}, W.~J. and 
	{Bryson}, S.~T. and {Caldwell}, D.~A. and {Fabrycky}, D.~C. and 
	{Gautier}, T.~N. and {Holman}, M.~J. and {Ibrahim}, K.~A. and 
	{Kjeldsen}, H. and {Kinemuchi}, K. and {Koch}, D.~G. and {Lissauer}, J.~J. and 
	{Still}, M. and {Tenenbaum}, P. and {Uddin}, K. and {Welsh}, W.
	},
    title = "{Transit Timing Observations from Kepler. V. Transit Timing Variation Candidates in the First Sixteen Months from Polynomial Models}",
  journal = {\apj},
archivePrefix = "arXiv",
   eprint = {1201.1892},
 primaryClass = "astro-ph.EP",
 keywords = {planetary systems, planets and satellites: detection, planets and satellites: dynamical evolution and stability, techniques: miscellaneous},
     year = 2012,
    month = sep,
   volume = 756,
      eid = {185},
    pages = {185},
      doi = {10.1088/0004-637X/756/2/185},
   adsurl = {http://adsabs.harvard.edu/abs/2012ApJ...756..185F},
  adsnote = {Provided by the SAO/NASA Astrophysics Data System}
}

@ARTICLE{2012ApJ...756..186S,
   author = {{Steffen}, J.~H. and {Ford}, E.~B. and {Rowe}, J.~F. and {Fabrycky}, D.~C. and 
	{Holman}, M.~J. and {Welsh}, W.~F. and {Batalha}, N.~M. and 
	{Borucki}, W.~J. and {Bryson}, S. and {Caldwell}, D.~A. and 
	{Ciardi}, D.~R. and {Jenkins}, J.~M. and {Kjeldsen}, H. and 
	{Koch}, D.~G. and {Pr{\v s}a}, A. and {Sanderfer}, D.~T. and 
	{Seader}, S. and {Twicken}, J.~D.},
    title = "{Transit Timing Observations from Kepler. VI. Potentially Interesting Candidate Systems from Fourier-based Statistical Tests}",
  journal = {\apj},
archivePrefix = "arXiv",
   eprint = {1201.1873},
 primaryClass = "astro-ph.EP",
 keywords = {planetary systems, planets and satellites: detection, planets and satellites: dynamical evolution and stability, techniques: miscellaneous},
     year = 2012,
    month = sep,
   volume = 756,
      eid = {186},
    pages = {186},
      doi = {10.1088/0004-637X/756/2/186},
   adsurl = {http://adsabs.harvard.edu/abs/2012ApJ...756..186S},
  adsnote = {Provided by the SAO/NASA Astrophysics Data System}
}

@ARTICLE{2009ApJ...701.1116N,
   author = {{Nesvorn{\'y}}, D.},
    title = "{Transit Timing Variations for Eccentric and Inclined Exoplanets}",
  journal = {\apj},
 keywords = {planetary systems, celestial mechanics},
     year = 2009,
    month = aug,
   volume = 701,
    pages = {1116-1122},
      doi = {10.1088/0004-637X/701/2/1116},
   adsurl = {http://adsabs.harvard.edu/abs/2009ApJ...701.1116N},
  adsnote = {Provided by the SAO/NASA Astrophysics Data System}
}

@ARTICLE{2013ApJS..208...22X,
   author = {{Xie}, J.-W.},
    title = "{Transit Timing Variation of Near-resonance Planetary Pairs: Confirmation of 12 Multiple-planet Systems}",
  journal = {\apjs},
archivePrefix = "arXiv",
   eprint = {1208.3312},
 primaryClass = "astro-ph.EP",
 keywords = {planetary systems, planets and satellites: detection, planets and satellites: dynamical evolution and stability },
     year = 2013,
    month = oct,
   volume = 208,
      eid = {22},
    pages = {22},
      doi = {10.1088/0067-0049/208/2/22},
   adsurl = {http://adsabs.harvard.edu/abs/2013ApJS..208...22X},
  adsnote = {Provided by the SAO/NASA Astrophysics Data System}
}

@ARTICLE{2005ApJ...623L..45L,
   author = {{Loeb}, A.},
    title = "{A Dynamical Method for Measuring the Masses of Stars with Transiting Planets}",
  journal = {\apjl},
   eprint = {astro-ph/0501548},
 keywords = {Stars: Planetary Systems, Techniques: Photometric},
     year = 2005,
    month = apr,
   volume = 623,
    pages = {L45-L48},
      doi = {10.1086/429873},
   adsurl = {http://adsabs.harvard.edu/abs/2005ApJ...623L..45L},
  adsnote = {Provided by the SAO/NASA Astrophysics Data System}
}

@ARTICLE{2014ApJ...783...53M,
   author = {{Masuda}, K.},
    title = "{Very Low Density Planets around Kepler-51 Revealed with Transit Timing Variations and an Anomaly Similar to a Planet-Planet Eclipse Event}",
  journal = {\apj},
archivePrefix = "arXiv",
   eprint = {1401.2885},
 primaryClass = "astro-ph.EP",
 keywords = {methods: numerical, planets and satellites: formation, planets and satellites: gaseous planets, planets and satellites: individual: Kepler-51 KOI-620 KIC 11773022, planets and satellites: interiors, techniques: photometric},
     year = 2014,
    month = mar,
   volume = 783,
      eid = {53},
    pages = {53},
      doi = {10.1088/0004-637X/783/1/53},
   adsurl = {http://adsabs.harvard.edu/abs/2014ApJ...783...53M},
  adsnote = {Provided by the SAO/NASA Astrophysics Data System}
}

@ARTICLE{2011ApJ...727...74V,
   author = {{Veras}, D. and {Ford}, E.~B. and {Payne}, M.~J.},
    title = "{Quantifying the Challenges of Detecting Unseen Planetary Companions with Transit Timing Variations}",
  journal = {\apj},
archivePrefix = "arXiv",
   eprint = {1011.1466},
 primaryClass = "astro-ph.EP",
 keywords = {celestial mechanics, planets and satellites: detection, planets and satellites: dynamical evolution and stability, planets and satellites: general},
     year = 2011,
    month = feb,
   volume = 727,
      eid = {74},
    pages = {74},
      doi = {10.1088/0004-637X/727/2/74},
   adsurl = {http://adsabs.harvard.edu/abs/2011ApJ...727...74V},
  adsnote = {Provided by the SAO/NASA Astrophysics Data System}
}

@ARTICLE{2010ApJ...709L..44N,
   author = {{Nesvorn{\'y}}, D. and {Beaug{\'e}}, C.},
    title = "{Fast Inversion Method for Determination of Planetary Parameters from Transit Timing Variations}",
  journal = {\apjl},
archivePrefix = "arXiv",
   eprint = {0911.5696},
 primaryClass = "astro-ph.EP",
 keywords = {celestial mechanics, planetary systems},
     year = 2010,
    month = jan,
   volume = 709,
    pages = {L44-L48},
      doi = {10.1088/2041-8205/709/1/L44},
   adsurl = {http://adsabs.harvard.edu/abs/2010ApJ...709L..44N},
  adsnote = {Provided by the SAO/NASA Astrophysics Data System}
}

@ARTICLE{2013ApJ...778..185M,
   author = {{Masuda}, K. and {Hirano}, T. and {Taruya}, A. and {Nagasawa}, M. and 
	{Suto}, Y.},
    title = "{Characterization of the KOI-94 System with Transit Timing Variation Analysis: Implication for the Planet-Planet Eclipse}",
  journal = {\apj},
archivePrefix = "arXiv",
   eprint = {1310.5771},
 primaryClass = "astro-ph.EP",
 keywords = {planets and satellites: individual: KOI-94 KIC 6462863 Kepler-89, techniques: photometric},
     year = 2013,
    month = dec,
   volume = 778,
      eid = {185},
    pages = {185},
      doi = {10.1088/0004-637X/778/2/185},
   adsurl = {http://adsabs.harvard.edu/abs/2013ApJ...778..185M},
  adsnote = {Provided by the SAO/NASA Astrophysics Data System}
}

@ARTICLE{2011A&A...528A..53B,
   author = {{Borkovits}, T. and {Csizmadia}, S. and {Forg{\'a}cs-Dajka}, E. and 
	{Heged{\"u}s}, T.},
    title = "{Transit timing variations in eccentric hierarchical triple exoplanetary systems. I. Perturbations on the time scale of the orbital period of the perturber}",
  journal = {\aap},
archivePrefix = "arXiv",
   eprint = {1010.0884},
 primaryClass = "astro-ph.EP",
 keywords = {methods: analytical, planets and satellites: individual: CoRoT-9b, planets and satellites: individual: HD 80606b, methods: numerical, planetary systems, binaries: close},
     year = 2011,
    month = apr,
   volume = 528,
      eid = {A53},
    pages = {A53},
      doi = {10.1051/0004-6361/201015867},
   adsurl = {http://adsabs.harvard.edu/abs/2011A%26A...528A..53B},
  adsnote = {Provided by the SAO/NASA Astrophysics Data System}
}

@ARTICLE{2014ApJ...791...89D,
   author = {{Dawson}, R.~I. and {Johnson}, J.~A. and {Fabrycky}, D.~C. and 
	{Foreman-Mackey}, D. and {Murray-Clay}, R.~A. and {Buchhave}, L.~A. and 
	{Cargile}, P.~A. and {Clubb}, K.~I. and {Fulton}, B.~J. and 
	{Hebb}, L. and {Howard}, A.~W. and {Huber}, D. and {Shporer}, A. and 
	{Valenti}, J.~A.},
    title = "{Large Eccentricity, Low Mutual Inclination: The Three-dimensional Architecture of a Hierarchical System of Giant Planets}",
  journal = {\apj},
archivePrefix = "arXiv",
   eprint = {1405.5229},
 primaryClass = "astro-ph.EP",
 keywords = {planetary systems },
     year = 2014,
    month = aug,
   volume = 791,
      eid = {89},
    pages = {89},
      doi = {10.1088/0004-637X/791/2/89},
   adsurl = {http://adsabs.harvard.edu/abs/2014ApJ...791...89D},
  adsnote = {Provided by the SAO/NASA Astrophysics Data System}
}

@ARTICLE{2014ApJS..210...25X,
   author = {{Xie}, J.-W.},
    title = "{Transit Timing Variation of Near-resonance Planetary Pairs. II. Confirmation of 30 Planets in 15 Multiple-planet Systems}",
  journal = {\apjs},
archivePrefix = "arXiv",
   eprint = {1309.2329},
 primaryClass = "astro-ph.EP",
 keywords = {planetary systems, planets and satellites: detection, planets and satellites: dynamical evolution and stability},
     year = 2014,
    month = feb,
   volume = 210,
      eid = {25},
    pages = {25},
      doi = {10.1088/0067-0049/210/2/25},
   adsurl = {http://adsabs.harvard.edu/abs/2014ApJS..210...25X},
  adsnote = {Provided by the SAO/NASA Astrophysics Data System}
}

@ARTICLE{2015Natur.522..321J,
   author = {{Jontof-Hutter}, D. and {Rowe}, J.~F. and {Lissauer}, J.~J. and 
	{Fabrycky}, D.~C. and {Ford}, E.~B.},
    title = "{The mass of the Mars-sized exoplanet Kepler-138 b from transit timing}",
  journal = {\nat},
archivePrefix = "arXiv",
   eprint = {1506.07067},
 primaryClass = "astro-ph.EP",
     year = 2015,
    month = jun,
   volume = 522,
    pages = {321-323},
      doi = {10.1038/nature14494},
   adsurl = {http://adsabs.harvard.edu/abs/2015Natur.522..321J},
  adsnote = {Provided by the SAO/NASA Astrophysics Data System}
}

@ARTICLE{2013ApJ...774L..12S,
   author = {{Steffen}, J.~H. and {Farr}, W.~M.},
    title = "{A Lack of Short-period Multiplanet Systems with Close-proximity Pairs and the Curious Case of Kepler-42}",
  journal = {\apjl},
archivePrefix = "arXiv",
   eprint = {1306.3526},
 primaryClass = "astro-ph.EP",
 keywords = {celestial mechanics, methods: data analysis, methods: statistical, planets and satellites: formation },
     year = 2013,
    month = sep,
   volume = 774,
      eid = {L12},
    pages = {L12},
      doi = {10.1088/2041-8205/774/1/L12},
   adsurl = {http://adsabs.harvard.edu/abs/2013ApJ...774L..12S},
  adsnote = {Provided by the SAO/NASA Astrophysics Data System}
}

@ARTICLE{2015MNRAS.454.4267B,
   author = {{Barros}, S.~C.~C. and {Almenara}, J.~M. and {Demangeon}, O. and 
	{Tsantaki}, M. and {Santerne}, A. and {Armstrong}, D.~J. and 
	{Barrado}, D. and {Brown}, D. and {Deleuil}, M. and {Lillo-Box}, J. and 
	{Osborn}, H. and {Pollacco}, D. and {Abe}, L. and {Andre}, P. and 
	{Bendjoya}, P. and {Boisse}, I. and {Bonomo}, A.~S. and {Bouchy}, F. and 
	{Bruno}, G. and {Cerda}, J.~R. and {Courcol}, B. and {D{\'{\i}}az}, R.~F. and 
	{H{\'e}brard}, G. and {Kirk}, J. and {Lachuri{\'e}}, J.~C. and 
	{Lam}, K.~W.~F. and {Martinez}, P. and {McCormac}, J. and {Moutou}, C. and 
	{Rajpurohit}, A. and {Rivet}, J.-P. and {Spake}, J. and {Suarez}, O. and 
	{Toublanc}, D. and {Walker}, S.~R.},
    title = "{Photodynamical mass determination of the multiplanetary system K2-19}",
  journal = {\mnras},
archivePrefix = "arXiv",
   eprint = {1510.01047},
 primaryClass = "astro-ph.EP",
 keywords = {techniques: photometric, techniques: radial velocities, time, planets and satellites: detection, planets and satellites: dynamical evolution and stability, planets and satellites: individual: EPIC201505350, K2-19},
     year = 2015,
    month = dec,
   volume = 454,
    pages = {4267-4276},
      doi = {10.1093/mnras/stv2271},
   adsurl = {http://adsabs.harvard.edu/abs/2015MNRAS.454.4267B},
  adsnote = {Provided by the SAO/NASA Astrophysics Data System}
}

@ARTICLE{2015ApJ...802..116D,
   author = {{Deck}, K.~M. and {Agol}, E.},
    title = "{Measurement of Planet Masses with Transit Timing Variations Due to Synodic ``Chopping'' Effects}",
  journal = {\apj},
archivePrefix = "arXiv",
   eprint = {1411.0004},
 primaryClass = "astro-ph.EP",
 keywords = {planetary systems},
     year = 2015,
    month = apr,
   volume = 802,
      eid = {116},
    pages = {116},
      doi = {10.1088/0004-637X/802/2/116},
   adsurl = {http://adsabs.harvard.edu/abs/2015ApJ...802..116D},
  adsnote = {Provided by the SAO/NASA Astrophysics Data System}
}

@ARTICLE{2012MNRAS.427..770M,
   author = {{Migaszewski}, C. and {S{\l}onina}, M. and {Go{\'z}dziewski}, K.
	},
    title = "{A dynamical analysis of the Kepler-11 planetary system}",
  journal = {\mnras},
archivePrefix = "arXiv",
   eprint = {1205.0822},
 primaryClass = "astro-ph.EP",
 keywords = {methods: data analysis, methods: numerical, celestial mechanics, planets and satellites: dynamical evolution and stability, stars: individual: Kepler-11},
     year = 2012,
    month = nov,
   volume = 427,
    pages = {770-789},
      doi = {10.1111/j.1365-2966.2012.21976.x},
   adsurl = {http://adsabs.harvard.edu/abs/2012MNRAS.427..770M},
  adsnote = {Provided by the SAO/NASA Astrophysics Data System}
}

@ARTICLE{2014ApJ...789..165X,
   author = {{Xie}, J.-W. and {Wu}, Y. and {Lithwick}, Y.},
    title = "{Frequency of Close Companions among Kepler Planets{\mdash}a Transit Time Variation Study}",
  journal = {\apj},
archivePrefix = "arXiv",
   eprint = {1308.3751},
 primaryClass = "astro-ph.EP",
 keywords = {planetary systems},
     year = 2014,
    month = jul,
   volume = 789,
      eid = {165},
    pages = {165},
      doi = {10.1088/0004-637X/789/2/165},
   adsurl = {http://adsabs.harvard.edu/abs/2014ApJ...789..165X},
  adsnote = {Provided by the SAO/NASA Astrophysics Data System}
}

@INPROCEEDINGS{2009IAUS..253..173F,
   author = {{Fabrycky}, D.~C.},
    title = "{What to Expect from Transiting Multiplanet Systems}",
booktitle = {Transiting Planets},
     year = 2009,
   series = {IAU Symposium},
   volume = 253,
archivePrefix = "arXiv",
   eprint = {0806.4314},
   editor = {{Pont}, F. and {Sasselov}, D. and {Holman}, M.~J.},
    month = feb,
    pages = {173-179},
      doi = {10.1017/S1743921308026380},
   adsurl = {http://adsabs.harvard.edu/abs/2009IAUS..253..173F},
  adsnote = {Provided by the SAO/NASA Astrophysics Data System}
}

@ARTICLE{2014ApJ...790...58N,
   author = {{Nesvorn{\'y}}, D. and {Vokrouhlick{\'y}}, D.},
    title = "{The Effect of Conjunctions on the Transit Timing Variations of Exoplanets}",
  journal = {\apj},
archivePrefix = "arXiv",
   eprint = {1405.7433},
 primaryClass = "astro-ph.EP",
 keywords = {planetary systems },
     year = 2014,
    month = jul,
   volume = 790,
      eid = {58},
    pages = {58},
      doi = {10.1088/0004-637X/790/1/58},
   adsurl = {http://adsabs.harvard.edu/abs/2014ApJ...790...58N},
  adsnote = {Provided by the SAO/NASA Astrophysics Data System}
}

@ARTICLE{2014ApJ...787..132D,
   author = {{Deck}, K.~M. and {Agol}, E. and {Holman}, M.~J. and {Nesvorn{\'y}}, D.
	},
    title = "{TTVFast: An Efficient and Accurate Code for Transit Timing Inversion Problems}",
  journal = {\apj},
archivePrefix = "arXiv",
   eprint = {1403.1895},
 primaryClass = "astro-ph.EP",
 keywords = {planets and satellites: dynamical evolution and stability, planets and satellites: fundamental parameters, methods: numerical},
     year = 2014,
    month = jun,
   volume = 787,
      eid = {132},
    pages = {132},
      doi = {10.1088/0004-637X/787/2/132},
   adsurl = {http://adsabs.harvard.edu/abs/2014ApJ...787..132D},
  adsnote = {Provided by the SAO/NASA Astrophysics Data System}
}

@ARTICLE{2010ApJ...712L..86P,
   author = {{Payne}, M.~J. and {Ford}, E.~B. and {Veras}, D.},
    title = "{Transit Timing Variations for Inclined and Retrograde Exoplanetary Systems}",
  journal = {\apjl},
archivePrefix = "arXiv",
   eprint = {1003.2418},
 primaryClass = "astro-ph.EP",
 keywords = {celestial mechanics, methods: numerical, planetary systems},
     year = 2010,
    month = mar,
   volume = 712,
    pages = {L86-L92},
      doi = {10.1088/2041-8205/712/1/L86},
   adsurl = {http://adsabs.harvard.edu/abs/2010ApJ...712L..86P},
  adsnote = {Provided by the SAO/NASA Astrophysics Data System}
}

@ARTICLE{2007ApJ...661.1218S,
   author = {{Scharf}, C.~A.},
    title = "{Exoplanet Transit Parallax}",
  journal = {\apj},
   eprint = {astro-ph/0702749},
 keywords = {Eclipses, Stars: Planetary Systems, Techniques: Miscellaneous},
     year = 2007,
    month = jun,
   volume = 661,
    pages = {1218-1221},
      doi = {10.1086/517504},
   adsurl = {http://adsabs.harvard.edu/abs/2007ApJ...661.1218S},
  adsnote = {Provided by the SAO/NASA Astrophysics Data System}
}

@ARTICLE{2012MNRAS.422L..57B,
   author = {{Bou{\'e}}, G. and {Oshagh}, M. and {Montalto}, M. and {Santos}, N.~C.
	},
    title = "{Degeneracy in the characterization of non-transiting planets from transit timing variations}",
  journal = {\mnras},
archivePrefix = "arXiv",
   eprint = {1201.2080},
 primaryClass = "astro-ph.EP",
 keywords = {celestial mechanics, planets and satellites: detection, planetary systems},
     year = 2012,
    month = may,
   volume = 422,
    pages = {57-61},
      doi = {10.1111/j.1745-3933.2012.01236.x},
   adsurl = {http://adsabs.harvard.edu/abs/2012MNRAS.422L..57B},
  adsnote = {Provided by the SAO/NASA Astrophysics Data System}
}

@ARTICLE{2011MNRAS.411..167I,
   author = {{Iorio}, L.},
    title = "{Classical and relativistic long-term time variations of some observables for transiting exoplanets}",
  journal = {\mnras},
archivePrefix = "arXiv",
   eprint = {1007.2780},
 primaryClass = "gr-qc",
 keywords = {gravitation, celestial mechanics, binaries: eclipsing, planetary systems, stars: rotation},
     year = 2011,
    month = feb,
   volume = 411,
    pages = {167-183},
      doi = {10.1111/j.1365-2966.2010.17669.x},
   adsurl = {http://adsabs.harvard.edu/abs/2011MNRAS.411..167I},
  adsnote = {Provided by the SAO/NASA Astrophysics Data System}
}

@ARTICLE{2010MNRAS.409L.119K,
   author = {{Kipping}, D.~M.},
    title = "{How to weigh a star using a moon}",
  journal = {\mnras},
archivePrefix = "arXiv",
   eprint = {1010.2492},
 primaryClass = "astro-ph.EP",
 keywords = {methods: analytical, eclipses, planets and satellites: general},
     year = 2010,
    month = nov,
   volume = 409,
    pages = {L119-L123},
      doi = {10.1111/j.1745-3933.2010.00961.x},
   adsurl = {http://adsabs.harvard.edu/abs/2010MNRAS.409L.119K},
  adsnote = {Provided by the SAO/NASA Astrophysics Data System}
}

@ARTICLE{2009MNRAS.392....2M,
   author = {{Migaszewski}, C. and {Go{\'z}dziewski}, K.},
    title = "{Secular dynamics of a coplanar, non-resonant planetary system under the general relativity and quadrupole moment perturbations}",
  journal = {\mnras},
archivePrefix = "arXiv",
   eprint = {0809.5248},
 keywords = {methods: analytical , methods: N-body simulations , celestial mechanics , planetary systems},
     year = 2009,
    month = jan,
   volume = 392,
    pages = {2-18},
      doi = {10.1111/j.1365-2966.2008.14025.x},
   adsurl = {http://adsabs.harvard.edu/abs/2009MNRAS.392....2M},
  adsnote = {Provided by the SAO/NASA Astrophysics Data System}
}

@ARTICLE{2013ApJ...765..132C,
   author = {{Carter}, J.~A. and {Agol}, E.},
    title = "{The Quasiperiodic Automated Transit Search Algorithm}",
  journal = {\apj},
archivePrefix = "arXiv",
   eprint = {1210.5136},
 primaryClass = "astro-ph.EP",
 keywords = {methods: numerical, planetary systems, techniques: photometric },
     year = 2013,
    month = mar,
   volume = 765,
      eid = {132},
    pages = {132},
      doi = {10.1088/0004-637X/765/2/132},
   adsurl = {http://adsabs.harvard.edu/abs/2013ApJ...765..132C},
  adsnote = {Provided by the SAO/NASA Astrophysics Data System}
}

@ARTICLE{2011MNRAS.413L..43P,
   author = {{P{\'a}l}, A. and {S{\'a}rneczky}, K. and {Szab{\'o}}, G.~M. and 
	{Szing}, A. and {Kiss}, L.~L. and {Mez{\H o}}, G. and {Reg{\'a}ly}, Z.
	},
    title = "{Transit timing variations in the HAT-P-13 planetary system}",
  journal = {\mnras},
archivePrefix = "arXiv",
   eprint = {1102.0525},
 primaryClass = "astro-ph.EP",
 keywords = {techniques: photometric, stars: individual: HAT-P-13, planetary systems},
     year = 2011,
    month = may,
   volume = 413,
    pages = {L43-L46},
      doi = {10.1111/j.1745-3933.2011.01029.x},
   adsurl = {http://adsabs.harvard.edu/abs/2011MNRAS.413L..43P},
  adsnote = {Provided by the SAO/NASA Astrophysics Data System}
}

@ARTICLE{2013ApJ...778..110Y,
   author = {{Yang}, M. and {Liu}, H.-G. and {Zhang}, H. and {Yang}, J.-Y. and 
	{Zhou}, J.-L.},
    title = "{Eight Planets in Four Multi-planet Systems via Transit Timing Variations in 1350 Days}",
  journal = {\apj},
archivePrefix = "arXiv",
   eprint = {1308.0996},
 primaryClass = "astro-ph.EP",
 keywords = {methods: data analysis, planets and satellites: detection, stars: individual: KID 6677841/KOI-1236 KID 5219234/KOI-1563 KID 8950568/KOI-2038 KID 11253827, techniques: photometric},
     year = 2013,
    month = dec,
   volume = 778,
      eid = {110},
    pages = {110},
      doi = {10.1088/0004-637X/778/2/110},
   adsurl = {http://adsabs.harvard.edu/abs/2013ApJ...778..110Y},
  adsnote = {Provided by the SAO/NASA Astrophysics Data System}
}

@ARTICLE{2015ApJ...815...47N,
   author = {{Narita}, N. and {Hirano}, T. and {Fukui}, A. and {Hori}, Y. and 
	{Sanchis-Ojeda}, R. and {Winn}, J.~N. and {Ryu}, T. and {Kusakabe}, N. and 
	{Kudo}, T. and {Onitsuka}, M. and {Delrez}, L. and {Gillon}, M. and 
	{Jehin}, E. and {McCormac}, J. and {Holman}, M. and {Izumiura}, H. and 
	{Takeda}, Y. and {Tamura}, M. and {Yanagisawa}, K.},
    title = "{Characterization of the K2-19 Multiple-transiting Planetary System via High-dispersion Spectroscopy, AO Imaging, and Transit Timing Variations}",
  journal = {\apj},
archivePrefix = "arXiv",
   eprint = {1510.01060},
 primaryClass = "astro-ph.EP",
 keywords = {planets and satellites: individual: K2-19b, K2-19c, stars: individual: K2-19, techniques: high angular resolution, techniques: photometric, techniques: spectroscopic},
     year = 2015,
    month = dec,
   volume = 815,
      eid = {47},
    pages = {47},
      doi = {10.1088/0004-637X/815/1/47},
   adsurl = {http://adsabs.harvard.edu/abs/2015ApJ...815...47N},
  adsnote = {Provided by the SAO/NASA Astrophysics Data System}
}

@ARTICLE{2014A&A...571A..38B,
   author = {{Borsato}, L. and {Marzari}, F. and {Nascimbeni}, V. and {Piotto}, G. and 
	{Granata}, V. and {Bedin}, L.~R. and {Malavolta}, L.},
    title = "{TRADES: A new software to derive orbital parameters from observed transit times and radial velocities. Revisiting Kepler-11 and Kepler-9}",
  journal = {\aap},
archivePrefix = "arXiv",
   eprint = {1408.2844},
 primaryClass = "astro-ph.EP",
 keywords = {methods: numerical, celestial mechanics, stars: individual: Kepler-11, stars: individual: Kepler-9},
     year = 2014,
    month = nov,
   volume = 571,
      eid = {A38},
    pages = {A38},
      doi = {10.1051/0004-6361/201424080},
   adsurl = {http://adsabs.harvard.edu/abs/2014A%26A...571A..38B},
  adsnote = {Provided by the SAO/NASA Astrophysics Data System}
}

@INPROCEEDINGS{2014SPIE.9143E..2JF,
   author = {{Fortier}, A. and {Beck}, T. and {Benz}, W. and {Broeg}, C. and 
	{Cessa}, V. and {Ehrenreich}, D. and {Thomas}, N.},
    title = "{CHEOPS: a space telescope for ultra-high precision photometry of exoplanet transits}",
booktitle = {Space Telescopes and Instrumentation 2014: Optical, Infrared, and Millimeter Wave},
     year = 2014,
   series = {\procspie},
   volume = 9143,
    month = aug,
      eid = {91432J},
    pages = {91432J},
      doi = {10.1117/12.2056687},
   adsurl = {http://adsabs.harvard.edu/abs/2014SPIE.9143E..2JF},
  adsnote = {Provided by the SAO/NASA Astrophysics Data System}
}

@ARTICLE{2014ApJ...790...31N,
   author = {{Nesvorn{\'y}}, D. and {Kipping}, D. and {Terrell}, D. and {Feroz}, F.
	},
    title = "{Photo-dynamical Analysis of Three Kepler Objects of Interest with Significant Transit Timing Variations}",
  journal = {\apj},
archivePrefix = "arXiv",
   eprint = {1405.2060},
 primaryClass = "astro-ph.EP",
 keywords = {planets and satellites: detection, planets and satellites: dynamical evolution and stability, planets and satellites: individual: KOI-227 KOI-319 KOI-884},
     year = 2014,
    month = jul,
   volume = 790,
      eid = {31},
    pages = {31},
      doi = {10.1088/0004-637X/790/1/31},
   adsurl = {http://adsabs.harvard.edu/abs/2014ApJ...790...31N},
  adsnote = {Provided by the SAO/NASA Astrophysics Data System}
}

@ARTICLE{2011A&A...536L...9T,
   author = {{Tingley}, B. and {Palle}, E. and {Parviainen}, H. and {Deeg}, H.~J. and 
	{Zapatero Osorio}, M.~R. and {Cabrera-Lavers}, A. and {Belmonte}, J.~A. and 
	{Rodriguez}, P.~M. and {Murgas}, F. and {Ribas}, I.},
    title = "{Detection of transit timing variations in excess of one hour in the Kepler multi-planet candidate system KOI 806 with the GTC}",
  journal = {\aap},
archivePrefix = "arXiv",
   eprint = {1111.5107},
 primaryClass = "astro-ph.SR",
 keywords = {Techniques: photometric, planetary systems, stars: individual: KOI 806, stars: individual: KIC 3832474},
     year = 2011,
    month = dec,
   volume = 536,
      eid = {L9},
    pages = {L9},
      doi = {10.1051/0004-6361/201118264},
   adsurl = {http://adsabs.harvard.edu/abs/2011A%26A...536L...9T},
  adsnote = {Provided by the SAO/NASA Astrophysics Data System}
}

@ARTICLE{2015ApJ...813L...9D,
   author = {{Dai}, F. and {Winn}, J.~N. and {Arriagada}, P. and {Butler}, R.~P. and 
	{Crane}, J.~D. and {Johnson}, J.~A. and {Shectman}, S.~A. and 
	{Teske}, J.~K. and {Thompson}, I.~B. and {Vanderburg}, A. and 
	{Wittenmyer}, R.~A.},
    title = "{Doppler Monitoring of the WASP-47 Multiplanet System}",
  journal = {\apjl},
archivePrefix = "arXiv",
   eprint = {1510.03811},
 primaryClass = "astro-ph.EP",
 keywords = {planetary systems, planets and satellites: composition, stars: individual: WASP-47, techniques: radial velocities},
     year = 2015,
    month = nov,
   volume = 813,
      eid = {L9},
    pages = {L9},
      doi = {10.1088/2041-8205/813/1/L9},
   adsurl = {http://adsabs.harvard.edu/abs/2015ApJ...813L...9D},
  adsnote = {Provided by the SAO/NASA Astrophysics Data System}
}

@ARTICLE{2011MNRAS.417L..16G,
   author = {{Garc{\'{\i}}a-Melendo}, E. and {L{\'o}pez-Morales}, M.},
    title = "{Potential biases in the detection of planetary systems with large transit timing variations}",
  journal = {\mnras},
archivePrefix = "arXiv",
   eprint = {1107.1666},
 primaryClass = "astro-ph.EP",
 keywords = {methods: analytical, methods: observational, techniques: photometric, planets and satellites: detection},
     year = 2011,
    month = oct,
   volume = 417,
    pages = {L16-L20},
      doi = {10.1111/j.1745-3933.2011.01111.x},
   adsurl = {http://adsabs.harvard.edu/abs/2011MNRAS.417L..16G},
  adsnote = {Provided by the SAO/NASA Astrophysics Data System}
}

@ARTICLE{2016ApJ...818..177A,
   author = {{Agol}, E. and {Deck}, K.},
    title = "{Transit Timing to First Order in Eccentricity}",
  journal = {\apj},
archivePrefix = "arXiv",
   eprint = {1509.01623},
 primaryClass = "astro-ph.EP",
 keywords = {planets and satellites: detection, planets and satellites: dynamical evolution and stability, planets and satellites: fundamental parameters},
     year = 2016,
    month = feb,
   volume = 818,
      eid = {177},
    pages = {177},
      doi = {10.3847/0004-637X/818/2/177},
   adsurl = {http://adsabs.harvard.edu/abs/2016ApJ...818..177A},
  adsnote = {Provided by the SAO/NASA Astrophysics Data System}
}

@ARTICLE{2016A&A...585A..72I,
   author = {{Ioannidis}, P. and {Huber}, K.~F. and {Schmitt}, J.~H.~M.~M.
	},
    title = "{How do starspots influence the transit timing variations of exoplanets? Simulations of individual and consecutive transits}",
  journal = {\aap},
archivePrefix = "arXiv",
   eprint = {1510.03276},
 primaryClass = "astro-ph.EP",
 keywords = {starspots, stars: activity, planetary systems, methods: numerical, eclipses, occultations},
     year = 2016,
    month = jan,
   volume = 585,
      eid = {A72},
    pages = {A72},
      doi = {10.1051/0004-6361/201527184},
   adsurl = {http://adsabs.harvard.edu/abs/2016A%26A...585A..72I},
  adsnote = {Provided by the SAO/NASA Astrophysics Data System}
}

@ARTICLE{2016ApJ...821...96D,
   author = {{Deck}, K.~M. and {Agol}, E.},
    title = "{Transit Timing Variations for Planets near Eccentricity-type Mean Motion Resonances}",
  journal = {\apj},
archivePrefix = "arXiv",
   eprint = {1509.08460},
 primaryClass = "astro-ph.EP",
 keywords = {celestial mechanics, planets and satellites: dynamical evolution and stability, planets and satellites: fundamental parameters},
     year = 2016,
    month = apr,
   volume = 821,
      eid = {96},
    pages = {96},
      doi = {10.3847/0004-637X/821/2/96},
   adsurl = {http://adsabs.harvard.edu/abs/2016ApJ...821...96D},
  adsnote = {Provided by the SAO/NASA Astrophysics Data System}
}

@ARTICLE{2016ApJ...828...44H,
   author = {{Hadden}, S. and {Lithwick}, Y.},
    title = "{Numerical and Analytical Modeling of Transit Timing Variations}",
  journal = {\apj},
archivePrefix = "arXiv",
   eprint = {1510.02476},
 primaryClass = "astro-ph.EP",
 keywords = {planets and satellites: detection},
     year = 2016,
    month = sep,
   volume = 828,
      eid = {44},
    pages = {44},
      doi = {10.3847/0004-637X/828/1/44},
   adsurl = {http://adsabs.harvard.edu/abs/2016ApJ...828...44H},
  adsnote = {Provided by the SAO/NASA Astrophysics Data System}
}

@article{Hadden2017,
  doi = {10.3847/1538-3881/aa71ef},
  url = {https://doi.org/10.3847/1538-3881/aa71ef},
  year  = {2017},
  month = {jun},
  publisher = {American Astronomical Society},
  volume = {154},
  number = {1},
  pages = {5},
  author = {Sam Hadden and Yoram Lithwick},
  title = {Kepler Planet Masses and Eccentricities from {TTV} Analysis},
  journal = {The Astronomical Journal}
}

@ARTICLE{2013ApJ...774..156J,
   author = {{Janson}, M.},
    title = "{A Systematic Search for Trojan Planets in the Kepler Data}",
  journal = {\apj},
archivePrefix = "arXiv",
   eprint = {1307.7161},
 primaryClass = "astro-ph.EP",
 keywords = {planetary systems, stars: late-type, techniques: photometric },
     year = 2013,
    month = sep,
   volume = 774,
      eid = {156},
    pages = {156},
      doi = {10.1088/0004-637X/774/2/156},
   adsurl = {http://adsabs.harvard.edu/abs/2013ApJ...774..156J},
  adsnote = {Provided by the SAO/NASA Astrophysics Data System}
}

@ARTICLE{2011A&A...535A.116D,
   author = {{Damiani}, C. and {Lanza}, A.~F.},
    title = "{Prospecting transit duration variations in extrasolar planetary systems}",
  journal = {\aap},
archivePrefix = "arXiv",
   eprint = {1109.0936},
 primaryClass = "astro-ph.EP",
 keywords = {planetary systems, planet-star interactions, stars: rotation},
     year = 2011,
    month = nov,
   volume = 535,
      eid = {A116},
    pages = {A116},
      doi = {10.1051/0004-6361/201117207},
   adsurl = {http://adsabs.harvard.edu/abs/2011A%26A...535A.116D},
  adsnote = {Provided by the SAO/NASA Astrophysics Data System}
}

@ARTICLE{2010arXiv1006.3834F,
   author = {{Fabrycky}, D.~C.},
    title = "{Non-Keplerian Dynamics}",
  journal = {ArXiv e-prints},
archivePrefix = "arXiv",
   eprint = {1006.3834},
 primaryClass = "astro-ph.EP",
 keywords = {Astrophysics - Earth and Planetary Astrophysics},
     year = 2010,
    month = jun,
   adsurl = {http://adsabs.harvard.edu/abs/2010arXiv1006.3834F},
  adsnote = {Provided by the SAO/NASA Astrophysics Data System}
}


@ARTICLE{2013MNRAS.430.1369L,
   author = {{Libert}, A.-S. and {Renner}, S.},
    title = "{Detection of Laplace-resonant three-planet systems from transit timing variations}",
  journal = {\mnras},
archivePrefix = "arXiv",
   eprint = {1301.2891},
 primaryClass = "astro-ph.EP",
 keywords = {methods: observational, techniques: photometric, celestial mechanics, pla-netary systems},
     year = 2013,
    month = apr,
   volume = 430,
    pages = {1369-1375},
      doi = {10.1093/mnras/sts722},
   adsurl = {http://adsabs.harvard.edu/abs/2013MNRAS.430.1369L},
  adsnote = {Provided by the SAO/NASA Astrophysics Data System}
}

@INPROCEEDINGS{1996BAAS...28.1112D,
   author = {{Dobrovolskis}, A.~R. and {Borucki}, W.~J.},
    title = "{Influence of Jovian extrasolar planets on transits of inner planets.}",
 keywords = {Planetary Systems: Formation, Planetary Systems: Pulsars},
booktitle = {Bulletin of the American Astronomical Society},
     year = 1996,
   series = {\baas},
   volume = 28,
    pages = {1112},
   adsurl = {http://adsabs.harvard.edu/abs/1996BAAS...28.1112D},
  adsnote = {Provided by the SAO/NASA Astrophysics Data System}
}

@INPROCEEDINGS{1996DPS....28.1208D,
   author = {{Dobrovolskis}, A.~R. and {Borucki}, W.~J.},
    title = "{Influence of Jovian Extrasolar Planets on Transits of Inner Planets}",
booktitle = {AAS/Division for Planetary Sciences Meeting Abstracts \#28},
     year = 1996,
   series = {Bulletin of the American Astronomical Society},
   volume = 28,
    month = sep,
      eid = {12.08},
    pages = {1112},
   adsurl = {http://adsabs.harvard.edu/abs/1996DPS....28.1208D},
  adsnote = {Provided by the SAO/NASA Astrophysics Data System}
}

@ARTICLE{2016Natur.533..509M,
   author = {{Mills}, S.~M. and {Fabrycky}, D.~C. and {Migaszewski}, C. and 
	{Ford}, E.~B. and {Petigura}, E. and {Isaacson}, H.},
    title = "{A resonant chain of four transiting, sub-Neptune planets}",
  journal = {\nat},
     year = 2016,
    month = may,
   volume = 533,
    pages = {509-512},
      doi = {10.1038/nature17445},
   adsurl = {http://adsabs.harvard.edu/abs/2016Natur.533..509M},
  adsnote = {Provided by the SAO/NASA Astrophysics Data System}
}

@ARTICLE{2016RPPh...79c6901B,
   author = {{Borucki}, W.~J.},
    title = "{KEPLER Mission: development and overview}",
  journal = {Reports on Progress in Physics},
     year = 2016,
    month = mar,
   volume = 79,
   number = 3,
      eid = {036901},
    pages = {036901},
      doi = {10.1088/0034-4885/79/3/036901},
   adsurl = {http://adsabs.harvard.edu/abs/2016RPPh...79c6901B},
  adsnote = {Provided by the SAO/NASA Astrophysics Data System}
}

@ARTICLE{2016arXiv160707540M,
   author = {{MacDonald}, M.~G. and {Ragozzine}, D. and {Fabrycky}, D.~C. and 
	{Ford}, E.~B. and {Holman}, M.~J. and {Isaacson}, H.~T. and 
	{Lissauer}, J.~J. and {Lopez}, E.~D. and {Mazeh}, T. and {Rogers}, L. and 
	{Rowe}, J.~F. and {Steffen}, J.~H. and {Torres}, G.},
    title = "{A Dynamical Analysis of the Kepler-80 System of Five Transiting Planets}",
  journal = {ArXiv e-prints},
archivePrefix = "arXiv",
   eprint = {1607.07540},
 primaryClass = "astro-ph.EP",
 keywords = {Astrophysics - Earth and Planetary Astrophysics},
     year = 2016,
    month = jul,
   adsurl = {http://adsabs.harvard.edu/abs/2016arXiv160707540M},
  adsnote = {Provided by the SAO/NASA Astrophysics Data System}
}

@ARTICLE{2016arXiv160703680V,
   author = {{von Essen}, C. and {Cellone}, S. and {Mallonn}, M. and {Tingley}, B. and 
	{Marcussen}, M.},
    title = "{Modelling systematics of ground-based transit photometry I. Implications on transit timing variations}",
  journal = {ArXiv e-prints},
archivePrefix = "arXiv",
   eprint = {1607.03680},
 primaryClass = "astro-ph.EP",
 keywords = {Astrophysics - Earth and Planetary Astrophysics},
     year = 2016,
    month = jul,
   adsurl = {http://adsabs.harvard.edu/abs/2016arXiv160703680V},
  adsnote = {Provided by the SAO/NASA Astrophysics Data System}
}

@ARTICLE{2016ApJS..225....9H,
   author = {{Holczer}, T. and {Mazeh}, T. and {Nachmani}, G. and {Jontof-Hutter}, D. and 
	{Ford}, E.~B. and {Fabrycky}, D. and {Ragozzine}, D. and {Kane}, M. and 
	{Steffen}, J.~H.},
    title = "{Transit Timing Observations from Kepler. IX. Catalog of the Full Long-cadence Data Set}",
  journal = {\apjs},
archivePrefix = "arXiv",
   eprint = {1606.01744},
 primaryClass = "astro-ph.EP",
 keywords = {planets and satellites: detection, techniques: miscellaneous, techniques: photometric},
     year = 2016,
    month = jul,
   volume = 225,
      eid = {9},
    pages = {9},
      doi = {10.3847/0067-0049/225/1/9},
   adsurl = {http://adsabs.harvard.edu/abs/2016ApJS..225....9H},
  adsnote = {Provided by the SAO/NASA Astrophysics Data System}
}

@ARTICLE{2016ApJ...823...72N,
   author = {{Nesvorn{\'y}}, D. and {Vokrouhlick{\'y}}, D.},
    title = "{Dynamics and Transit Variations of Resonant Exoplanets}",
  journal = {\apj},
archivePrefix = "arXiv",
   eprint = {1603.07306},
 primaryClass = "astro-ph.EP",
 keywords = {planets and satellites: detection, planets and satellites: dynamical evolution and stability},
     year = 2016,
    month = jun,
   volume = 823,
      eid = {72},
    pages = {72},
      doi = {10.3847/0004-637X/823/2/72},
   adsurl = {http://adsabs.harvard.edu/abs/2016ApJ...823...72N},
  adsnote = {Provided by the SAO/NASA Astrophysics Data System}
}

@ARTICLE{2014ApJ...795..167S,
   author = {{Schmitt}, J.~R. and {Agol}, E. and {Deck}, K.~M. and {Rogers}, L.~A. and 
	{Gazak}, J.~Z. and {Fischer}, D.~A. and {Wang}, J. and {Holman}, M.~J. and 
	{Jek}, K.~J. and {Margossian}, C. and {Omohundro}, M.~R. and 
	{Winarski}, T. and {Brewer}, J.~M. and {Giguere}, M.~J. and 
	{Lintott}, C. and {Lynn}, S. and {Parrish}, M. and {Schawinski}, K. and 
	{Schwamb}, M.~E. and {Simpson}, R. and {Smith}, A.~M.},
    title = "{Planet Hunters. VII. Discovery of a New Low-mass, Low-density Planet (PH3 C) Orbiting Kepler-289 with Mass Measurements of Two Additional Planets (PH3 B and D)}",
  journal = {\apj},
archivePrefix = "arXiv",
   eprint = {1410.8114},
 primaryClass = "astro-ph.EP",
 keywords = {Planets and satellites: detection, surveys},
     year = 2014,
    month = nov,
   volume = 795,
      eid = {167},
    pages = {167},
      doi = {10.1088/0004-637X/795/2/167},
   adsurl = {http://adsabs.harvard.edu/abs/2014ApJ...795..167S},
  adsnote = {Provided by the SAO/NASA Astrophysics Data System}
}

@article{Steffen2016,
  doi = {10.1093/mnras/stw241},
  url = {http://dx.doi.org/10.1093/mnras/stw241},
  year  = {2016},
  month = {jan},
  publisher = {Oxford University Press ({OUP})},
  volume = {457},
  number = {4},
  pages = {4384--4392},
  author = {Jason H. Steffen},
  title = {Sensitivity bias in the mass{\textendash}radius distribution from transit timing variations and radial velocity measurements},
  journal = {Mon. Not. R. Astron. Soc.}
}

@INPROCEEDINGS{Schneider2003,
   author = {{Schneider}, J.},
    title = "{Multi-planet system detection by transits}",
booktitle = {SF2A-2003: Semaine de l'Astrophysique Francaise},
     year = 2003,
   editor = {{Combes}, F. and {Barret}, D. and {Contini}, T. and {Pagani}, L.
	},
    pages = {149},
   adsurl = {http://adsabs.harvard.edu/abs/2003sf2a.conf..149S},
  adsnote = {Provided by the SAO/NASA Astrophysics Data System}
}

@INPROCEEDINGS{Schneider2004,
   author = {{Schneider}, J.},
    title = "{Multi-planet system detection with Eddington}",
 keywords = {Planets: Exoplanets, Multiple Systems, Eddington},
booktitle = {Stellar Structure and Habitable Planet Finding},
     year = 2004,
   series = {ESA Special Publication},
   volume = 538,
   editor = {{Favata}, F. and {Aigrain}, S. and {Wilson}, A.},
    month = jan,
    pages = {407-410},
   adsurl = {http://adsabs.harvard.edu/abs/2004ESASP.538..407S},
  adsnote = {Provided by the SAO/NASA Astrophysics Data System}
}

@ARTICLE{1986ApJ...306L..37U,
   author = {{Ulrich}, R.~K.},
    title = "{Determination of stellar ages from asteroseismology}",
  journal = {\apjl},
 keywords = {Cepheid Variables, Chronology, Stellar Evolution, Stellar Oscillations, Plasma Diagnostics, Plasma Frequencies, Seismology, Stellar Models},
     year = 1986,
    month = jul,
   volume = 306,
    pages = {L37-L40},
      doi = {10.1086/184700},
   adsurl = {http://adsabs.harvard.edu/abs/1986ApJ...306L..37U},
  adsnote = {Provided by the SAO/NASA Astrophysics Data System}
}

@ARTICLE{2014MNRAS.440.2164K,
   author = {{Kipping}, D.~M.},
    title = "{Characterizing distant worlds with asterodensity profiling}",
  journal = {\mnras},
archivePrefix = "arXiv",
   eprint = {1311.1170},
 primaryClass = "astro-ph.EP",
 keywords = {asteroseismology, methods: analytical, techniques: photometric, eclipses, planets and satellites: fundamental parameters},
     year = 2014,
    month = may,
   volume = 440,
    pages = {2164-2184},
      doi = {10.1093/mnras/stu318},
   adsurl = {http://adsabs.harvard.edu/abs/2014MNRAS.440.2164K},
  adsnote = {Provided by the SAO/NASA Astrophysics Data System}
}

@ARTICLE{2011Sci...333.1602D,
   author = {{Doyle}, L.~R. and {Carter}, J.~A. and {Fabrycky}, D.~C. and 
	{Slawson}, R.~W. and {Howell}, S.~B. and {Winn}, J.~N. and {Orosz}, J.~A. and 
	{Pr\u{s}a}, A. and {Welsh}, W.~F. and {Quinn}, S.~N. and 
	{Latham}, D. and {Torres}, G. and {Buchhave}, L.~A. and {Marcy}, G.~W. and 
	{Fortney}, J.~J. and {Shporer}, A. and {Ford}, E.~B. and {Lissauer}, J.~J. and 
	{Ragozzine}, D. and {Rucker}, M. and {Batalha}, N. and {Jenkins}, J.~M. and 
	{Borucki}, W.~J. and {Koch}, D. and {Middour}, C.~K. and {Hall}, J.~R. and 
	{McCauliff}, S. and {Fanelli}, M.~N. and {Quintana}, E.~V. and 
	{Holman}, M.~J. and {Caldwell}, D.~A. and {Still}, M. and {Stefanik}, R.~P. and 
	{Brown}, W.~R. and {Esquerdo}, G.~A. and {Tang}, S. and {Furesz}, G. and 
	{Geary}, J.~C. and {Berlind}, P. and {Calkins}, M.~L. and {Short}, D.~R. and 
	{Steffen}, J.~H. and {Sasselov}, D. and {Dunham}, E.~W. and 
	{Cochran}, W.~D. and {Boss}, A. and {Haas}, M.~R. and {Buzasi}, D. and 
	{Fischer}, D.},
    title = "{Kepler-16: A Transiting Circumbinary Planet}",
  journal = {Science},
archivePrefix = "arXiv",
   eprint = {1109.3432},
 primaryClass = "astro-ph.EP",
     year = 2011,
    month = sep,
   volume = 333,
    pages = {1602},
      doi = {10.1126/science.1210923},
   adsurl = {http://adsabs.harvard.edu/abs/2011Sci...333.1602D},
  adsnote = {Provided by the SAO/NASA Astrophysics Data System}
}

@ARTICLE{2012MNRAS.419.2683G,
   author = {{Gibson}, N.~P. and {Aigrain}, S. and {Roberts}, S. and {Evans}, T.~M. and 
	{Osborne}, M. and {Pont}, F.},
    title = "{A Gaussian process framework for modelling instrumental systematics: application to transmission spectroscopy}",
  journal = {\mnras},
archivePrefix = "arXiv",
   eprint = {1109.3251},
 primaryClass = "astro-ph.EP",
 keywords = {methods: data analysis, techniques: spectroscopic, stars: individual: HD 189733, planetary systems},
     year = 2012,
    month = jan,
   volume = 419,
    pages = {2683-2694},
      doi = {10.1111/j.1365-2966.2011.19915.x},
   adsurl = {http://adsabs.harvard.edu/abs/2012MNRAS.419.2683G},
  adsnote = {Provided by the SAO/NASA Astrophysics Data System}
}


@ARTICLE{2013ApJ...770...52K,
   author = {{Kostov}, V.~B. and {McCullough}, P.~R. and {Hinse}, T.~C. and 
	{Tsvetanov}, Z.~I. and {H{\'e}brard}, G. and {D{\'{\i}}az}, R.~F. and 
	{Deleuil}, M. and {Valenti}, J.~A.},
    title = "{A Gas Giant Circumbinary Planet Transiting the F Star Primary of the Eclipsing Binary Star KIC 4862625 and the Independent Discovery and Characterization of the Two Transiting Planets in the Kepler-47 System}",
  journal = {\apj},
archivePrefix = "arXiv",
   eprint = {1210.3850},
 primaryClass = "astro-ph.EP",
 keywords = {binaries: eclipsing, planetary systems, stars: individual: KIC 4862625 Kepler-47, techniques: photometric},
     year = 2013,
    month = jun,
   volume = 770,
      eid = {52},
    pages = {52},
      doi = {10.1088/0004-637X/770/1/52},
   adsurl = {http://adsabs.harvard.edu/abs/2013ApJ...770...52K},
  adsnote = {Provided by the SAO/NASA Astrophysics Data System}
}


@ARTICLE{2012Natur.481..475W,
   author = {{Welsh}, W.~F. and {Orosz}, J.~A. and {Carter}, J.~A. and {Fabrycky}, D.~C. and 
	{Ford}, E.~B. and {Lissauer}, J.~J. and {Pr{\v s}a}, A. and 
	{Quinn}, S.~N. and {Ragozzine}, D. and {Short}, D.~R. and {Torres}, G. and 
	{Winn}, J.~N. and {Doyle}, L.~R. and {Barclay}, T. and {Batalha}, N. and 
	{Bloemen}, S. and {Brugamyer}, E. and {Buchhave}, L.~A. and 
	{Caldwell}, C. and {Caldwell}, D.~A. and {Christiansen}, J.~L. and 
	{Ciardi}, D.~R. and {Cochran}, W.~D. and {Endl}, M. and {Fortney}, J.~J. and 
	{Gautier}, III, T.~N. and {Gilliland}, R.~L. and {Haas}, M.~R. and 
	{Hall}, J.~R. and {Holman}, M.~J. and {Howard}, A.~W. and {Howell}, S.~B. and 
	{Isaacson}, H. and {Jenkins}, J.~M. and {Klaus}, T.~C. and {Latham}, D.~W. and 
	{Li}, J. and {Marcy}, G.~W. and {Mazeh}, T. and {Quintana}, E.~V. and 
	{Robertson}, P. and {Shporer}, A. and {Steffen}, J.~H. and {Windmiller}, G. and 
	{Koch}, D.~G. and {Borucki}, W.~J.},
    title = "{Transiting circumbinary planets Kepler-34 b and Kepler-35 b}",
  journal = {\nat},
archivePrefix = "arXiv",
   eprint = {1204.3955},
 primaryClass = "astro-ph.EP",
     year = 2012,
    month = jan,
   volume = 481,
    pages = {475-479},
      doi = {10.1038/nature10768},
   adsurl = {http://adsabs.harvard.edu/abs/2012Natur.481..475W},
  adsnote = {Provided by the SAO/NASA Astrophysics Data System}
}


@ARTICLE{2017MNRAS.465.3235M,
   author = {{Martin}, D.~V.},
    title = "{Circumbinary planets - II. When transits come and go}",
  journal = {\mnras},
archivePrefix = "arXiv",
   eprint = {1611.00526},
 primaryClass = "astro-ph.EP",
     year = 2017,
    month = mar,
   volume = 465,
    pages = {3235-3253},
      doi = {10.1093/mnras/stw2851},
   adsurl = {http://adsabs.harvard.edu/abs/2017MNRAS.465.3235M},
  adsnote = {Provided by the SAO/NASA Astrophysics Data System}
}

@article{1538-3881-153-1-45,
  author={Sean M. Mills and Daniel C. Fabrycky},
  title={Kepler-108: A Mutually Inclined Giant Planet System},
  journal={The Astronomical Journal},
  volume={153},
  number={1},
  pages={45},
  url={http://stacks.iop.org/1538-3881/153/i=1/a=45},
  year={2017}
}
	

@ARTICLE{2015MNRAS.453.2644A,
   author = {{Almenara}, J.~M. and {D{\'{\i}}az}, R.~F. and {Mardling}, R. and 
	{Barros}, S.~C.~C. and {Damiani}, C. and {Bruno}, G. and {Bonfils}, X. and 
	{Deleuil}, M.},
    title = "{Absolute masses and radii determination in multiplanetary systems without stellar models}",
  journal = {\mnras},
archivePrefix = "arXiv",
   eprint = {1508.06596},
 primaryClass = "astro-ph.EP",
 keywords = {planets and satellites: dynamical evolution and stability, planets and satellites: fundamental parameters, stars: fundamental parameters, Planetary systems},
     year = 2015,
    month = nov,
   volume = 453,
    pages = {2644-2652},
      doi = {10.1093/mnras/stv1735},
   adsurl = {http://adsabs.harvard.edu/abs/2015MNRAS.453.2644A},
  adsnote = {Provided by the SAO/NASA Astrophysics Data System}
}

@ARTICLE{2013ApJ...774...53B,
   author = {{Barnes}, J.~W. and {van Eyken}, J.~C. and {Jackson}, B.~K. and 
	{Ciardi}, D.~R. and {Fortney}, J.~J.},
    title = "{Measurement of Spin-orbit Misalignment and Nodal Precession for the Planet around Pre-main-sequence Star PTFO 8-8695 from Gravity Darkening}",
  journal = {\apj},
archivePrefix = "arXiv",
   eprint = {1308.0629},
 primaryClass = "astro-ph.EP",
 keywords = {eclipses, planetary systems, stars: individual: PTFO 8-8695, techniques: photometric },
     year = 2013,
    month = sep,
   volume = 774,
      eid = {53},
    pages = {53},
      doi = {10.1088/0004-637X/774/1/53},
   adsurl = {http://adsabs.harvard.edu/abs/2013ApJ...774...53B},
  adsnote = {Provided by the SAO/NASA Astrophysics Data System}
}


@ARTICLE{2009ApJ...698.1778R,
   author = {{Ragozzine}, D. and {Wolf}, A.~S.},
    title = "{Probing the Interiors of very Hot Jupiters Using Transit Light Curves}",
  journal = {\apj},
archivePrefix = "arXiv",
   eprint = {0807.2856},
 keywords = {planetary systems},
     year = 2009,
    month = jun,
   volume = 698,
    pages = {1778-1794},
      doi = {10.1088/0004-637X/698/2/1778},
   adsurl = {http://adsabs.harvard.edu/abs/2009ApJ...698.1778R},
  adsnote = {Provided by the SAO/NASA Astrophysics Data System}
}


@ARTICLE{2014ApJ...784...14K,
   author = {{Kostov}, V.~B. and {McCullough}, P.~R. and {Carter}, J.~A. and 
	{Deleuil}, M. and {D{\'{\i}}az}, R.~F. and {Fabrycky}, D.~C. and 
	{H{\'e}brard}, G. and {Hinse}, T.~C. and {Mazeh}, T. and {Orosz}, J.~A. and 
	{Tsvetanov}, Z.~I. and {Welsh}, W.~F.},
    title = "{Kepler-413b: A Slightly Misaligned, Neptune-size Transiting Circumbinary Planet}",
  journal = {\apj},
archivePrefix = "arXiv",
   eprint = {1401.7275},
 primaryClass = "astro-ph.EP",
 keywords = {binaries: eclipsing, planetary systems, stars: individual: KIC 12351927 Kepler-413, techniques: photometric},
     year = 2014,
    month = mar,
   volume = 784,
      eid = {14},
    pages = {14},
      doi = {10.1088/0004-637X/784/1/14},
   adsurl = {http://adsabs.harvard.edu/abs/2014ApJ...784...14K},
  adsnote = {Provided by the SAO/NASA Astrophysics Data System}
}


@ARTICLE{2016ApJ...825...29G,
   author = {{Ginzburg}, S. and {Schlichting}, H.~E. and {Sari}, R.},
    title = "{Super-Earth Atmospheres: Self-consistent Gas Accretion and Retention}",
  journal = {\apj},
archivePrefix = "arXiv",
   eprint = {1512.07925},
 primaryClass = "astro-ph.EP",
 keywords = {planets and satellites: formation, planets and satellites: physical evolution},
     year = 2016,
    month = jul,
   volume = 825,
      eid = {29},
    pages = {29},
      doi = {10.3847/0004-637X/825/1/29},
   adsurl = {http://adsabs.harvard.edu/abs/2016ApJ...825...29G},
  adsnote = {Provided by the SAO/NASA Astrophysics Data System}
}


@ARTICLE{2016ApJ...817...90L,
   author = {{Lee}, E.~J. and {Chiang}, E.},
    title = "{Breeding Super-Earths and Birthing Super-puffs in Transitional Disks}",
  journal = {\apj},
archivePrefix = "arXiv",
   eprint = {1510.08855},
 primaryClass = "astro-ph.EP",
 keywords = {planets and satellites: atmospheres, planets and satellites: formation},
     year = 2016,
    month = feb,
   volume = 817,
      eid = {90},
    pages = {90},
      doi = {10.3847/0004-637X/817/2/90},
   adsurl = {http://adsabs.harvard.edu/abs/2016ApJ...817...90L},
  adsnote = {Provided by the SAO/NASA Astrophysics Data System}
}


@ARTICLE{1994Sci...264..538W,
   author = {{Wolszczan}, A.},
    title = "{Confirmation of Earth-Mass Planets Orbiting the Millisecond Pulsar PSR B1257+12}",
  journal = {Science},
     year = 1994,
    month = apr,
   volume = 264,
    pages = {538-542},
      doi = {10.1126/science.264.5158.538},
   adsurl = {http://adsabs.harvard.edu/abs/1994Sci...264..538W},
  adsnote = {Provided by the SAO/NASA Astrophysics Data System}
}

@ARTICLE{2016A&A...595L...5A,
   author = {{Almenara}, J.~M. and {D{\'{\i}}az}, R.~F. and {Bonfils}, X. and 
	{Udry}, S.},
    title = "{Absolute densities, masses, and radii of the WASP-47 system determined dynamically}",
  journal = {\aap},
archivePrefix = "arXiv",
   eprint = {1610.09533},
 primaryClass = "astro-ph.EP",
 keywords = {stars: individual: WASP-47, planetary systems, techniques: photometric, techniques: radial velocities},
     year = 2016,
    month = oct,
   volume = 595,
      eid = {L5},
    pages = {L5},
      doi = {10.1051/0004-6361/201629770},
   adsurl = {http://adsabs.harvard.edu/abs/2016A%26A...595L...5A},
  adsnote = {Provided by the SAO/NASA Astrophysics Data System}
}

@INPROCEEDINGS{2014SPIE.9143E..20R,
   author = {{Ricker}, G.~R. and {Winn}, J.~N. and {Vanderspek}, R. and {Latham}, D.~W. and 
	{Bakos}, G.~{\'A}. and {Bean}, J.~L. and {Berta-Thompson}, Z.~K. and 
	{Brown}, T.~M. and {Buchhave}, L. and {Butler}, N.~R. and {Butler}, R.~P. and 
	{Chaplin}, W.~J. and {Charbonneau}, D. and {Christensen-Dalsgaard}, J. and 
	{Clampin}, M. and {Deming}, D. and {Doty}, J. and {De Lee}, N. and 
	{Dressing}, C. and {Dunham}, E.~W. and {Endl}, M. and {Fressin}, F. and 
	{Ge}, J. and {Henning}, T. and {Holman}, M.~J. and {Howard}, A.~W. and 
	{Ida}, S. and {Jenkins}, J. and {Jernigan}, G. and {Johnson}, J.~A. and 
	{Kaltenegger}, L. and {Kawai}, N. and {Kjeldsen}, H. and {Laughlin}, G. and 
	{Levine}, A.~M. and {Lin}, D. and {Lissauer}, J.~J. and {MacQueen}, P. and 
	{Marcy}, G. and {McCullough}, P.~R. and {Morton}, T.~D. and 
	{Narita}, N. and {Paegert}, M. and {Palle}, E. and {Pepe}, F. and 
	{Pepper}, J. and {Quirrenbach}, A. and {Rinehart}, S.~A. and 
	{Sasselov}, D. and {Sato}, B. and {Seager}, S. and {Sozzetti}, A. and 
	{Stassun}, K.~G. and {Sullivan}, P. and {Szentgyorgyi}, A. and 
	{Torres}, G. and {Udry}, S. and {Villasenor}, J.},
    title = "{Transiting Exoplanet Survey Satellite (TESS)}",
booktitle = {Space Telescopes and Instrumentation 2014: Optical, Infrared, and Millimeter Wave},
     year = 2014,
   series = {\procspie},
   volume = 9143,
archivePrefix = "arXiv",
   eprint = {1406.0151},
 primaryClass = "astro-ph.EP",
    month = aug,
      eid = {914320},
    pages = {914320},
      doi = {10.1117/12.2063489},
   adsurl = {http://adsabs.harvard.edu/abs/2014SPIE.9143E..20R},
  adsnote = {Provided by the SAO/NASA Astrophysics Data System}
}

@ARTICLE{2015JATIS...1a4003R,
   author = {{Ricker}, G.~R. and {Winn}, J.~N. and {Vanderspek}, R. and {Latham}, D.~W. and 
	{Bakos}, G.~{\'A}. and {Bean}, J.~L. and {Berta-Thompson}, Z.~K. and 
	{Brown}, T.~M. and {Buchhave}, L. and {Butler}, N.~R. and {Butler}, R.~P. and 
	{Chaplin}, W.~J. and {Charbonneau}, D. and {Christensen-Dalsgaard}, J. and 
	{Clampin}, M. and {Deming}, D. and {Doty}, J. and {De Lee}, N. and 
	{Dressing}, C. and {Dunham}, E.~W. and {Endl}, M. and {Fressin}, F. and 
	{Ge}, J. and {Henning}, T. and {Holman}, M.~J. and {Howard}, A.~W. and 
	{Ida}, S. and {Jenkins}, J.~M. and {Jernigan}, G. and {Johnson}, J.~A. and 
	{Kaltenegger}, L. and {Kawai}, N. and {Kjeldsen}, H. and {Laughlin}, G. and 
	{Levine}, A.~M. and {Lin}, D. and {Lissauer}, J.~J. and {MacQueen}, P. and 
	{Marcy}, G. and {McCullough}, P.~R. and {Morton}, T.~D. and 
	{Narita}, N. and {Paegert}, M. and {Palle}, E. and {Pepe}, F. and 
	{Pepper}, J. and {Quirrenbach}, A. and {Rinehart}, S.~A. and 
	{Sasselov}, D. and {Sato}, B. and {Seager}, S. and {Sozzetti}, A. and 
	{Stassun}, K.~G. and {Sullivan}, P. and {Szentgyorgyi}, A. and 
	{Torres}, G. and {Udry}, S. and {Villasenor}, J.},
    title = "{Transiting Exoplanet Survey Satellite (TESS)}",
  journal = {Journal of Astronomical Telescopes, Instruments, and Systems},
     year = 2015,
    month = jan,
   volume = 1,
   number = 1,
      eid = {014003},
    pages = {014003},
      doi = {10.1117/1.JATIS.1.1.014003},
   adsurl = {http://adsabs.harvard.edu/abs/2015JATIS...1a4003R},
  adsnote = {Provided by the SAO/NASA Astrophysics Data System}
}
@ARTICLE{2014ExA....38..249R,
   author = {{Rauer}, H. and {Catala}, C. and {Aerts}, C. and {Appourchaux}, T. and 
	{Benz}, W. and {Brandeker}, A. and {Christensen-Dalsgaard}, J. and 
	{Deleuil}, M. and {Gizon}, L. and {Goupil}, M.-J. and {G{\"u}del}, M. and 
	{Janot-Pacheco}, E. and {Mas-Hesse}, M. and {Pagano}, I. and 
	{Piotto}, G. and {Pollacco}, D. and {Santos}, {\.C}. and {Smith}, A. and 
	{Su{\'a}rez}, J.-C. and {Szab{\'o}}, R. and {Udry}, S. and {Adibekyan}, V. and 
	{Alibert}, Y. and {Almenara}, J.-M. and {Amaro-Seoane}, P. and 
	{Eiff}, M.~A.-v. and {Asplund}, M. and {Antonello}, E. and {Barnes}, S. and 
	{Baudin}, F. and {Belkacem}, K. and {Bergemann}, M. and {Bihain}, G. and 
	{Birch}, A.~C. and {Bonfils}, X. and {Boisse}, I. and {Bonomo}, A.~S. and 
	{Borsa}, F. and {Brand{\~a}o}, I.~M. and {Brocato}, E. and {Brun}, S. and 
	{Burleigh}, M. and {Burston}, R. and {Cabrera}, J. and {Cassisi}, S. and 
	{Chaplin}, W. and {Charpinet}, S. and {Chiappini}, C. and {Church}, R.~P. and 
	{Csizmadia}, S. and {Cunha}, M. and {Damasso}, M. and {Davies}, M.~B. and 
	{Deeg}, H.~J. and {D{\'{\i}}az}, R.~F. and {Dreizler}, S. and 
	{Dreyer}, C. and {Eggenberger}, P. and {Ehrenreich}, D. and 
	{Eigm{\"u}ller}, P. and {Erikson}, A. and {Farmer}, R. and {Feltzing}, S. and 
	{de Oliveira Fialho}, F. and {Figueira}, P. and {Forveille}, T. and 
	{Fridlund}, M. and {Garc{\'{\i}}a}, R.~A. and {Giommi}, P. and 
	{Giuffrida}, G. and {Godolt}, M. and {Gomes da Silva}, J. and 
	{Granzer}, T. and {Grenfell}, J.~L. and {Grotsch-Noels}, A. and 
	{G{\"u}nther}, E. and {Haswell}, C.~A. and {Hatzes}, A.~P. and 
	{H{\'e}brard}, G. and {Hekker}, S. and {Helled}, R. and {Heng}, K. and 
	{Jenkins}, J.~M. and {Johansen}, A. and {Khodachenko}, M.~L. and 
	{Kislyakova}, K.~G. and {Kley}, W. and {Kolb}, U. and {Krivova}, N. and 
	{Kupka}, F. and {Lammer}, H. and {Lanza}, A.~F. and {Lebreton}, Y. and 
	{Magrin}, D. and {Marcos-Arenal}, P. and {Marrese}, P.~M. and 
	{Marques}, J.~P. and {Martins}, J. and {Mathis}, S. and {Mathur}, S. and 
	{Messina}, S. and {Miglio}, A. and {Montalban}, J. and {Montalto}, M. and 
	{Monteiro}, M.~J.~P.~F.~G. and {Moradi}, H. and {Moravveji}, E. and 
	{Mordasini}, C. and {Morel}, T. and {Mortier}, A. and {Nascimbeni}, V. and 
	{Nelson}, R.~P. and {Nielsen}, M.~B. and {Noack}, L. and {Norton}, A.~J. and 
	{Ofir}, A. and {Oshagh}, M. and {Ouazzani}, R.-M. and {P{\'a}pics}, P. and 
	{Parro}, V.~C. and {Petit}, P. and {Plez}, B. and {Poretti}, E. and 
	{Quirrenbach}, A. and {Ragazzoni}, R. and {Raimondo}, G. and 
	{Rainer}, M. and {Reese}, D.~R. and {Redmer}, R. and {Reffert}, S. and 
	{Rojas-Ayala}, B. and {Roxburgh}, I.~W. and {Salmon}, S. and 
	{Santerne}, A. and {Schneider}, J. and {Schou}, J. and {Schuh}, S. and 
	{Schunker}, H. and {Silva-Valio}, A. and {Silvotti}, R. and 
	{Skillen}, I. and {Snellen}, I. and {Sohl}, F. and {Sousa}, S.~G. and 
	{Sozzetti}, A. and {Stello}, D. and {Strassmeier}, K.~G. and 
	{{\v S}vanda}, M. and {Szab{\'o}}, G.~M. and {Tkachenko}, A. and 
	{Valencia}, D. and {Van Grootel}, V. and {Vauclair}, S.~D. and 
	{Ventura}, P. and {Wagner}, F.~W. and {Walton}, N.~A. and {Weingrill}, J. and 
	{Werner}, S.~C. and {Wheatley}, P.~J. and {Zwintz}, K.},
    title = "{The PLATO 2.0 mission}",
  journal = {Experimental Astronomy},
archivePrefix = "arXiv",
   eprint = {1310.0696},
 primaryClass = "astro-ph.EP",
 keywords = {Exoplanets, Asteroseismology, Transit survey, Stellar science, Exoplanetary science},
     year = 2014,
    month = nov,
   volume = 38,
    pages = {249-330},
      doi = {10.1007/s10686-014-9383-4},
   adsurl = {http://adsabs.harvard.edu/abs/2014ExA....38..249R},
  adsnote = {Provided by the SAO/NASA Astrophysics Data System}
}

@ARTICLE{2017PASP..129d4401M,
   author = {{Montet}, B.~T. and {Yee}, J.~C. and {Penny}, M.~T.},
    title = "{Measuring the Galactic Distribution of Transiting Planets with WFIRST}",
  journal = {\pasp},
archivePrefix = "arXiv",
   eprint = {1610.03067},
 primaryClass = "astro-ph.EP",
     year = 2017,
    month = apr,
   volume = 129,
   number = 4,
    pages = {044401},
      doi = {10.1088/1538-3873/aa57fb},
   adsurl = {http://adsabs.harvard.edu/abs/2017PASP..129d4401M},
  adsnote = {Provided by the SAO/NASA Astrophysics Data System}
}
@ARTICLE{2014PASP..126.1134B,
   author = {{Beichman}, C. and {Benneke}, B. and {Knutson}, H. and {Smith}, R. and 
	{Lagage}, P.-O. and {Dressing}, C. and {Latham}, D. and {Lunine}, J. and 
	{Birkmann}, S. and {Ferruit}, P. and {Giardino}, G. and {Kempton}, E. and 
	{Carey}, S. and {Krick}, J. and {Deroo}, P.~D. and {Mandell}, A. and 
	{Ressler}, M.~E. and {Shporer}, A. and {Swain}, M. and {Vasisht}, G. and 
	{Ricker}, G. and {Bouwman}, J. and {Crossfield}, I. and {Greene}, T. and 
	{Howell}, S. and {Christiansen}, J. and {Ciardi}, D. and {Clampin}, M. and 
	{Greenhouse}, M. and {Sozzetti}, A. and {Goudfrooij}, P. and 
	{Hines}, D. and {Keyes}, T. and {Lee}, J. and {McCullough}, P. and 
	{Robberto}, M. and {Stansberry}, J. and {Valenti}, J. and {Rieke}, M. and 
	{Rieke}, G. and {Fortney}, J. and {Bean}, J. and {Kreidberg}, L. and 
	{Ehrenreich}, D. and {Deming}, D. and {Albert}, L. and {Doyon}, R. and 
	{Sing}, D.},
    title = "{Observations of Transiting Exoplanets with the James Webb Space Telescope (JWST)}",
  journal = {\pasp},
     year = 2014,
    month = dec,
   volume = 126,
    pages = {1134-1173},
      doi = {10.1086/679566},
   adsurl = {http://adsabs.harvard.edu/abs/2014PASP..126.1134B},
  adsnote = {Provided by the SAO/NASA Astrophysics Data System}
}

@article{Szab2012,
  doi = {10.1111/j.1745-3933.2012.01219.x},
  url = {https://doi.org/10.1111/j.1745-3933.2012.01219.x},
  year  = {2012},
  month = {feb},
  publisher = {Oxford University Press ({OUP})},
  volume = {421},
  number = {1},
  pages = {L122--L126},
  author = {Gy. M. Szab{\'{o}} and A. P{\'{a}}l and A. Derekas and A. E. Simon and T. Szalai and L. L. Kiss},
  title = {Spin-orbit resonance,  transit duration variation and possible secular perturbations in {KOI}-13},
  journal = {Monthly Notices of the Royal Astronomical Society: Letters}
}

@ARTICLE{2013A&A...556A..19O,
   author = {{Oshagh}, M. and {Santos}, N.~C. and {Boisse}, I. and {Bou{\'e}}, G. and 
	{Montalto}, M. and {Dumusque}, X. and {Haghighipour}, N.},
    title = "{Effect of stellar spots on high-precision transit light-curve}",
  journal = {\aap},
archivePrefix = "arXiv",
   eprint = {1306.0739},
 primaryClass = "astro-ph.EP",
 keywords = {planets and satellites: detection, planetary systems, methods: numerical, stars: activity, techniques: photometric},
     year = 2013,
    month = aug,
   volume = 556,
      eid = {A19},
    pages = {A19},
      doi = {10.1051/0004-6361/201321309},
   adsurl = {http://adsabs.harvard.edu/abs/2013A%26A...556A..19O},
  adsnote = {Provided by the SAO/NASA Astrophysics Data System}
}

@ARTICLE{2013MNRAS.430.3032B,
   author = {{Barros}, S.~C.~C. and {Bou{\'e}}, G. and {Gibson}, N.~P. and 
	{Pollacco}, D.~L. and {Santerne}, A. and {Keenan}, F.~P. and 
	{Skillen}, I. and {Street}, R.~A.},
    title = "{Transit timing variations in WASP-10b induced by stellar activity}",
  journal = {\mnras},
archivePrefix = "arXiv",
   eprint = {1301.3760},
 primaryClass = "astro-ph.EP",
 keywords = {techniques: photometric, time, stars: activity, stars: individual: WASP-10, planetary systems, starspots},
     year = 2013,
    month = apr,
   volume = 430,
    pages = {3032-3047},
      doi = {10.1093/mnras/stt111},
   adsurl = {http://adsabs.harvard.edu/abs/2013MNRAS.430.3032B},
  adsnote = {Provided by the SAO/NASA Astrophysics Data System}
}

@article{Rowe2015,
  doi = {10.1088/0067-0049/217/1/16},
  url = {https://doi.org/10.1088/0067-0049/217/1/16},
  year  = {2015},
  month = {mar},
  publisher = {{IOP} Publishing},
  volume = {217},
  number = {1},
  pages = {16},
  author = {Jason F. Rowe and Jeffrey L. Coughlin and Victoria Antoci and Thomas Barclay and Natalie M. Batalha and William J. Borucki and Christopher J. Burke and Steven T. Bryson and Douglas A. Caldwell and Jennifer R. Campbell and Joseph H. Catanzarite and Jessie L. Christiansen and William Cochran and Ronald L. Gilliland and Forrest R. Girouard and Michael R. Haas and Krzysztof G. He{\l}miniak and Christopher E. Henze and Kelsey L. Hoffman and Steve B. Howell and Daniel Huber and Roger C. Hunter and Hannah Jang-Condell and Jon M. Jenkins and Todd C. Klaus and David W. Latham and Jie Li and Jack J. Lissauer and Sean D. McCauliff and Robert L. Morris and F. Mullally and Aviv Ofir and Billy Quarles and Elisa Quintana and Anima Sabale and Shawn Seader and Avi Shporer and Jeffrey C. Smith and Jason H. Steffen and Martin Still and Peter Tenenbaum and Susan E. Thompson and Joseph D. Twicken and Christa Van Laerhoven and Angie Wolfgang and Khadeejah A. Zamudio},
  title = {{PLANETARY} {CANDIDATES} {OBSERVED} {BYKEPLER}. V. {PLANET} {SAMPLE} {FROM} Q1{\textendash}Q12 (36 {MONTHS})},
  journal = {The Astrophysical Journal Supplement Series}
}

@PHDTHESIS{Steffen2006,
   author = {{Steffen}, J.},
    title = "{Detecting new planets in transiting systems}",
 keywords = {Extrasolar planets, TrES-1, HD209458, Planets, Transit time},
   school = {University of Washington},
     year = 2006,
   adsurl = {http://adsabs.harvard.edu/abs/2006PhDT........15S},
  adsnote = {Provided by the SAO/NASA Astrophysics Data System}
}

@ARTICLE{ForemanMackey2017,
   author = {{Foreman-Mackey}, D. and {Agol}, E. and {Angus}, R. and {Ambikasaran}, S.
	},
    title = "{Fast and scalable Gaussian process modeling with applications to astronomical time series}",
  journal = {ArXiv e-prints},
archivePrefix = "arXiv",
   eprint = {1703.09710},
 primaryClass = "astro-ph.IM",
 keywords = {Astrophysics - Instrumentation and Methods for Astrophysics, Astrophysics - Earth and Planetary Astrophysics, Astrophysics - Solar and Stellar Astrophysics, Physics - Data Analysis, Statistics and Probability, Statistics - Applications},
     year = 2017,
    month = mar,
   adsurl = {http://adsabs.harvard.edu/abs/2017arXiv170309710F},
  adsnote = {Provided by the SAO/NASA Astrophysics Data System}
}

@ARTICLE{2017Natur.542..456G,
   author = {{Gillon}, M. and {Triaud}, A.~H.~M.~J. and {Demory}, B.-O. and 
	{Jehin}, E. and {Agol}, E. and {Deck}, K.~M. and {Lederer}, S.~M. and 
	{de Wit}, J. and {Burdanov}, A. and {Ingalls}, J.~G. and {Bolmont}, E. and 
	{Leconte}, J. and {Raymond}, S.~N. and {Selsis}, F. and {Turbet}, M. and 
	{Barkaoui}, K. and {Burgasser}, A. and {Burleigh}, M.~R. and 
	{Carey}, S.~J. and {Chaushev}, A. and {Copperwheat}, C.~M. and 
	{Delrez}, L. and {Fernandes}, C.~S. and {Holdsworth}, D.~L. and 
	{Kotze}, E.~J. and {Van Grootel}, V. and {Almleaky}, Y. and 
	{Benkhaldoun}, Z. and {Magain}, P. and {Queloz}, D.},
    title = "{Seven temperate terrestrial planets around the nearby ultracool dwarf star TRAPPIST-1}",
  journal = {\nat},
archivePrefix = "arXiv",
   eprint = {1703.01424},
 primaryClass = "astro-ph.EP",
     year = 2017,
    month = feb,
   volume = 542,
    pages = {456-460},
      doi = {10.1038/nature21360},
   adsurl = {http://adsabs.harvard.edu/abs/2017Natur.542..456G},
  adsnote = {Provided by the SAO/NASA Astrophysics Data System}
}

@ARTICLE{2017ApJ...839L...8M,
   author = {{Mills}, S.~M. and {Mazeh}, T.},
    title = "{The Planetary Mass-Radius Relation and Its Dependence on Orbital Period as Measured by Transit Timing Variations and Radial Velocities}",
  journal = {\apjl},
archivePrefix = "arXiv",
   eprint = {1703.07790},
 primaryClass = "astro-ph.EP",
 keywords = {planets and satellites: detection, techniques: photometric, techniques: radial velocities},
     year = 2017,
    month = apr,
   volume = 839,
      eid = {L8},
    pages = {L8},
      doi = {10.3847/2041-8213/aa67eb},
   adsurl = {http://adsabs.harvard.edu/abs/2017ApJ...839L...8M},
  adsnote = {Provided by the SAO/NASA Astrophysics Data System}
}

